@article{adamsOptimalControlObstacle1998,
  title   = {Optimal {{Control}} of the {{Obstacle}} for an {{Elliptic Variational Inequality}}},
  author  = {Adams, D. R.},
  year    = {1998},
  journal = {Applied Mathematics and Optimization},
  volume  = {38},
  number  = {2},
  pages   = {121--140},
  issn    = {0095-4616, 1432-0606},
  doi     = {10.1007/s002459900085},
  urldate = {2024-02-03},
  langid  = {english}
}

@misc{AddonItem,
  title    = {Addon {{Item}}},
  keywords = {/unread}
}

@article{AdlerIslandCoalescenceUsing2013,
  title   = {Island {{Coalescence Using Parallel First-Order System Least Squares}} on {{Incompressible Resistive Magnetohydrodynamics}}},
  author  = {Adler, J. H. and Brezina, M. and Manteuffel, T. A. and McCormick, S. F. and Ruge, J. W. and Tang, L.},
  year    = {2013},
  journal = {SIAM Journal on Scientific Computing},
  volume  = {35},
  number  = {5},
  pages   = {S171-S191},
  issn    = {1064-8275, 1095-7197},
  doi     = {10.1137/120880227},
  urldate = {2024-08-29},
  langid  = {english}
}

@article{adlerMonolithicMultigridMethods2016,
  title   = {Monolithic {{Multigrid Methods}} for {{Two-Dimensional Resistive Magnetohydrodynamics}}},
  author  = {Adler, James H. and Benson, Thomas R. and Cyr, Eric C. and MacLachlan, Scott P. and Tuminaro, Raymond S.},
  year    = {2016},
  journal = {SIAM Journal on Scientific Computing},
  volume  = {38},
  number  = {1},
  pages   = {B1-B24},
  issn    = {1064-8275, 1095-7197},
  doi     = {10.1137/151006135},
  urldate = {2024-03-23},
  langid  = {english}
}

@article{adlerMonolithicMultigridMethods2021,
  title   = {Monolithic {{Multigrid Methods}} for {{Magnetohydrodynamics}}},
  author  = {Adler, James H. and Benson, Thomas R. and Cyr, Eric C. and Farrell, Patrick E. and MacLachlan, Scott P. and Tuminaro, Ray S.},
  year    = {2021},
  journal = {SIAM Journal on Scientific Computing},
  volume  = {43},
  number  = {5},
  pages   = {S70-S91},
  issn    = {1064-8275, 1095-7197},
  doi     = {10.1137/20M1348364},
  urldate = {2023-11-26},
  langid  = {english}
}

@article{ainsworthBernsteinBezierFinite2011,
  title   = {Bernstein--{{B{\'e}zier Finite Elements}} of {{Arbitrary Order}} and {{Optimal Assembly Procedures}}},
  author  = {Ainsworth, Mark and Andriamaro, Gaelle and Davydov, Oleg},
  year    = {2011},
  journal = {SIAM Journal on Scientific Computing},
  volume  = {33},
  number  = {6},
  pages   = {3087--3109},
  issn    = {1064-8275, 1095-7197},
  doi     = {10.1137/11082539X},
  urldate = {2024-01-25},
  langid  = {english}
}

@article{ainsworthPosterioriErrorEstimation,
  title  = {A Posteriori Error Estimation in Finite Element Analysis},
  author = {Ainsworth, Mark},
  langid = {english}
}

@article{ainsworthUnlockingSecretsLocking2022,
  title      = {Unlocking the Secrets of Locking: {{Finite}} Element Analysis in Planar Linear Elasticity},
  shorttitle = {Unlocking the Secrets of Locking},
  author     = {Ainsworth, Mark and Parker, Charles},
  year       = {2022},
  journal    = {Computer Methods in Applied Mechanics and Engineering},
  volume     = {395},
  pages      = {115034},
  issn       = {00457825},
  doi        = {10.1016/j.cma.2022.115034},
  urldate    = {2024-02-16},
  langid     = {english}
}

@article{alawiyeWrinklingInstabilitiesModelling,
  title  = {Wrinkling Instabilities: Modelling, Analysis and Computation},
  author = {Alawiye, Hamza Aderemi},
  langid = {english}
}

@article{alfven1943existence,
  title   = {On the existence of electromagnetic-hydrodynamic waves},
  author  = {Alfv{\'e}n, Hannes},
  journal = {Arkiv for matematik, astronomi och fysik},
  volume  = {29},
  pages   = {1--7},
  year    = {1943}
}

@article{alonsorodriguezHilbertComplexesAnalysis2023,
  title      = {Hilbert {{Complexes}}: {{Analysis}}, {{Applications}}, and {{Discretizations}}},
  shorttitle = {Hilbert {{Complexes}}},
  author     = {Alonso Rodriguez, Ana and Arnold, Douglas N. and Pauly, Dirk and Rapetti, Francesca},
  year       = {2023},
  journal    = {Oberwolfach Reports},
  volume     = {19},
  number     = {2},
  pages      = {1603--1659},
  issn       = {1660-8933, 1660-8941},
  doi        = {10.4171/owr/2022/29},
  urldate    = {2024-06-17},
  langid     = {english}
}

@article{amestoy2001,
  author  = {P. R. Amestoy and I. S. Duff and J. Koster and J.-Y. L'Excellent},
  title   = {A fully asynchronous multifrontal solver using distributed dynamic scheduling},
  journal = {SIAM Journal on Matrix Analysis and Applications},
  volume  = {23},
  number  = {1},
  year    = {2001},
  pages   = {15--41}
}

@article{amroucheVectorPotentialsThreedimensional1998,
  title     = {Vector Potentials in Three-Dimensional Non-Smooth Domains},
  author    = {Amrouche, C. and Bernardi, C. and Dauge, M. and Girault, V.},
  year      = {1998},
  journal   = {Mathematical Methods in the Applied Sciences},
  volume    = {21},
  number    = {9},
  pages     = {823--864},
  issn      = {0170-4214, 1099-1476},
  doi       = {10.1002/(SICI)1099-1476(199806)21:9<823::AID-MMA976>3.0.CO;2-B},
  urldate   = {2024-06-04},
  copyright = {http://doi.wiley.com/10.1002/tdm\_license\_1.1},
  langid    = {english}
}

@article{andrews2024enforcing,
  title   = {Enforcing conservation laws and dissipation inequalities numerically via auxiliary variables},
  author  = {Andrews, Boris D and Farrell, Patrick E},
  journal = {arXiv preprint arXiv:2407.11904},
  year    = {2024}
}

@misc{AndrewsHighorderconservativeaccurately2024,
  title         = {High-Order Conservative and Accurately Dissipative Numerical Integrators via Auxiliary Variables},
  author        = {Andrews, Boris D. and Farrell, Patrick E.},
  year          = {2024},
  number        = {arXiv:2407.11904},
  eprint        = {2407.11904},
  primaryclass  = {cs, math},
  publisher     = {arXiv},
  urldate       = {2024-09-03},
  archiveprefix = {arXiv},
  keywords      = {65M60 (Primary) 65L05 65P10 (Secondary),Mathematics - Numerical Analysis}
}

@misc{AndrewsHighorderconservativeaccurately2024a,
  title         = {High-Order Conservative and Accurately Dissipative Numerical Integrators via Auxiliary Variables},
  author        = {Andrews, Boris D. and Farrell, Patrick E.},
  year          = {2024},
  number        = {arXiv:2407.11904},
  eprint        = {2407.11904},
  primaryclass  = {cs, math},
  publisher     = {arXiv},
  urldate       = {2024-09-06},
  archiveprefix = {arXiv},
  langid        = {english},
  keywords      = {65M60 (Primary) 65L05 65P10 (Secondary),Mathematics - Numerical Analysis}
}

@misc{archer2,
  doi       = {10.5281/ZENODO.14507040},
  url       = {https://zenodo.org/doi/10.5281/zenodo.14507040},
  author    = {Beckett,  George and Beech-Brandt,  Josephine and Leach,  Kieran and Payne,  Z\"{o}e and Simpson,  Alan and Smith,  Lorna and Turner,  Andy and Whiting,  Anne},
  keywords  = {HPC},
  language  = {en},
  title     = {{ARCHER2} Service Description},
  publisher = {Zenodo},
  year      = {2024},
  copyright = {Creative Commons Attribution 4.0 International}
}

@article{arnold1974asymptotic,
  title     = {The asymptotic {H}opf invariant and its applications},
  author    = {Arnold, Vladimir I},
  journal   = {Vladimir I. Arnold-Collected Works: Hydrodynamics, Bifurcation Theory, and Algebraic Geometry 1965-1972},
  pages     = {357--375},
  year      = {1974},
  publisher = {Springer}
}

@article{arnoldComplexesComplexes2021,
  title   = {Complexes from {{Complexes}}},
  author  = {Arnold, Douglas N. and Hu, Kaibo},
  year    = {2021},
  journal = {Foundations of Computational Mathematics},
  volume  = {21},
  number  = {6},
  pages   = {1739--1774},
  issn    = {1615-3375, 1615-3383},
  doi     = {10.1007/s10208-021-09498-9},
  urldate = {2024-05-10},
  langid  = {english}
}

@article{arnoldFiniteElementExterior2006,
  title   = {Finite Element Exterior Calculus, Homological Techniques, and Applications},
  author  = {Arnold, Douglas N. and Falk, Richard S. and Winther, Ragnar},
  year    = {2006},
  journal = {Acta Numerica},
  volume  = {15},
  pages   = {1--155},
  issn    = {0962-4929, 1474-0508},
  doi     = {10.1017/S0962492906210018},
  urldate = {2023-11-09},
  langid  = {english}
}

@article{arnoldFiniteElementExterior2010,
  title      = {Finite Element Exterior Calculus: from {{Hodge}} Theory to Numerical Stability},
  shorttitle = {Finite Element Exterior Calculus},
  author     = {Arnold, Douglas and Falk, Richard and Winther, Ragnar},
  year       = {2010},
  journal    = {Bulletin of the American Mathematical Society},
  volume     = {47},
  number     = {2},
  pages      = {281--354},
  issn       = {0273-0979, 1088-9485},
  doi        = {10.1090/S0273-0979-10-01278-4},
  urldate    = {2023-11-09},
  langid     = {english}
}

@book{ArnoldFiniteElementExterior2018,
  title     = {Finite {{Element Exterior Calculus}}},
  author    = {Arnold, Douglas N.},
  year      = {2018},
  publisher = {{Society for Industrial and Applied Mathematics}},
  address   = {Philadelphia, PA},
  doi       = {10.1137/1.9781611975543},
  urldate   = {2024-01-06},
  isbn      = {978-1-61197-553-6 978-1-61197-554-3},
  langid    = {english}
}

@article{arnoldiPrincipleMinimizedIterations1951,
  title   = {The Principle of Minimized Iterations in the Solution of the Matrix Eigenvalue Problem},
  author  = {Arnoldi, W. E.},
  year    = {1951},
  journal = {Quarterly of Applied Mathematics},
  volume  = {9},
  number  = {1},
  pages   = {17--29},
  issn    = {0033-569X, 1552-4485},
  doi     = {10.1090/qam/42792},
  urldate = {2023-04-19},
  langid  = {english}
}

@article{arnoldLocalBoundedCommuting2021,
  title     = {Local {{{\emph{L}}}} {\textsuperscript{2}} -Bounded Commuting Projections in {{FEEC}}},
  author    = {Arnold, Douglas and Guzm{\'a}n, Johnny},
  year      = {2021},
  journal   = {ESAIM: Mathematical Modelling and Numerical Analysis},
  volume    = {55},
  number    = {5},
  pages     = {2169--2184},
  issn      = {0764-583X, 1290-3841},
  doi       = {10.1051/m2an/2021054},
  urldate   = {2024-05-10},
  copyright = {https://creativecommons.org/licenses/by/4.0},
  langid    = {english}
}

@article{arnoldMultigridDivCurl2000,
  title      = {Multigrid in {{H}} (Div) and {{H}} (Curl):},
  shorttitle = {Multigrid in {{H}} (Div) and {{H}} (Curl)},
  author     = {Arnold, Douglas N. and Falk, Richard S. and Winther, Ragnar},
  year       = {2000},
  journal    = {Numerische Mathematik},
  volume     = {85},
  number     = {2},
  pages      = {197--217},
  issn       = {0029-599X},
  doi        = {10.1007/PL00005386},
  urldate    = {2024-02-25},
  langid     = {english}
}

@article{arnoldNonconformingTetrahedralMixed2014,
  title         = {Nonconforming Tetrahedral Mixed Finite Elements for Elasticity},
  author        = {Arnold, Douglas N. and Awanou, Gerard and Winther, Ragnar},
  year          = {2014},
  journal       = {Mathematical Models and Methods in Applied Sciences},
  volume        = {24},
  number        = {04},
  eprint        = {1210.6256},
  primaryclass  = {math},
  pages         = {783--796},
  issn          = {0218-2025, 1793-6314},
  doi           = {10.1142/S021820251350067X},
  urldate       = {2023-09-13},
  archiveprefix = {arXiv},
  langid        = {english},
  keywords      = {65N30 secondary: 74S05,Mathematics - Numerical Analysis}
}

@article{arnoldPeriodicTableFinite,
  title  = {Periodic {{Table}} of the {{Finite Elements}}},
  author = {Arnold, Douglas and Logg, Anders},
  langid = {english}
}

@article{arnoldPRECONDITIONINGDivAPPLICATIONS,
  title  = {{{PRECONDITIONING IN H}} (Div) {{AND APPLICATIONS}}},
  author = {Arnold, Douglas N and Falk, Richard S and Winther, R},
  langid = {english}
}

@incollection{arnoldStabilityConsistencyConvergence2015,
  title     = {Stability, {{Consistency}}, and {{Convergence}} of {{Numerical Discretizations}}},
  booktitle = {Encyclopedia of {{Applied}} and {{Computational Mathematics}}},
  author    = {Arnold, Douglas N.},
  editor    = {Engquist, Bj{\"o}rn},
  year      = {2015},
  pages     = {1358--1364},
  publisher = {Springer Berlin Heidelberg},
  address   = {Berlin, Heidelberg},
  doi       = {10.1007/978-3-540-70529-1_407},
  urldate   = {2024-08-13},
  isbn      = {978-3-540-70528-4 978-3-540-70529-1},
  langid    = {english}
}

@book{ArnoldTopologicalMethodsHydrodynamics2021,
  title     = {Topological {{Methods}} in {{Hydrodynamics}}},
  author    = {Arnold, Vladimir I. and Khesin, Boris A.},
  year      = {2021},
  series    = {Applied {{Mathematical Sciences}}},
  volume    = {125},
  publisher = {Springer International Publishing},
  address   = {Cham},
  doi       = {10.1007/978-3-030-74278-2},
  urldate   = {2024-01-06},
  isbn      = {978-3-030-74277-5 978-3-030-74278-2},
  langid    = {english}
}

@article{auscherWELLPOSEDNESSPARABOLICEQUATIONS2017,
  title   = {{{ON THE WELL-POSEDNESS OF PARABOLIC EQUATIONS OF NAVIER}}--{{STOKES TYPE WITH DATA}}},
  author  = {Auscher, Pascal and Frey, Dorothee},
  year    = {2017},
  journal = {Journal of the Institute of Mathematics of Jussieu},
  volume  = {16},
  number  = {5},
  pages   = {947--985},
  issn    = {1474-7480, 1475-3030},
  doi     = {10.1017/S1474748015000158},
  urldate = {2023-09-12},
  langid  = {english}
}

@article{azizContinuousFiniteElements2024,
  title  = {Continuous {{Finite Elements}} in {{Space}} and {{Time}} for the {{Heat Equation}}},
  author = {Aziz, A K and Monk, Peter},
  year   = {2024},
  langid = {english}
}

@article{aznaranDiscretisationHodgeLaplacians,
  title  = {Discretisation of {{Hodge Laplacians}} in the {{Elasticity Complex}}},
  author = {Aznaran, Francis R A},
  langid = {english}
}

@article{babukaLockingEffectsFinite,
  title  = {Locking Effects in the Finite Element Approximation of Elasticity Problems},
  author = {Babuka, Ivo and Suri, Manil},
  langid = {english}
}

@article{bacutaUnifiedApproachUzawa2006,
  title   = {A {{Unified Approach}} for {{Uzawa Algorithms}}},
  author  = {Bacuta, Constantin},
  year    = {2006},
  journal = {SIAM Journal on Numerical Analysis},
  volume  = {44},
  number  = {6},
  pages   = {2633--2649},
  issn    = {0036-1429, 1095-7170},
  doi     = {10.1137/050630714},
  urldate = {2023-11-17},
  langid  = {english}
}

@article{balay2019petsc,
  title     = {PETSc users manual},
  author    = {Balay, Satish and Abhyankar, Shrirang and Adams, Mark and Brown, Jed and Brune, Peter and Buschelman, Kris and Dalcin, Lisandro and Dener, Alp and Eijkhout, Victor and Gropp, William and others},
  year      = {2019},
  publisher = {Argonne National Laboratory}
}

@article{barnafiParallelInexactNewton2022,
  title   = {Parallel Inexact {{Newton}}--{{Krylov}} and Quasi-{{Newton}} Solvers for Nonlinear Elasticity},
  author  = {Barnafi, Nicol{\'a}s A. and Pavarino, Luca F. and Scacchi, Simone},
  year    = {2022},
  journal = {Computer Methods in Applied Mechanics and Engineering},
  volume  = {400},
  pages   = {115557},
  issn    = {00457825},
  doi     = {10.1016/j.cma.2022.115557},
  urldate = {2024-02-14},
  langid  = {english}
}

@article{beekie2022moffatt,
  title     = {On {M}offatt's magnetic relaxation equations},
  author    = {Beekie, Rajendra and Friedlander, Susan and Vicol, Vlad},
  journal   = {Communications in Mathematical Physics},
  volume    = {390},
  number    = {3},
  pages     = {1311--1339},
  year      = {2022},
  publisher = {Springer}
}

@article{beikAugmentedLagrangianbasedPreconditioning2024,
  title   = {An Augmented {{Lagrangian-based}} Preconditioning Technique for a Class of Block Three-by-Three Linear Systems},
  author  = {Beik, Fatemeh P.A. and Benzi, Michele},
  year    = {2024},
  journal = {Applied Mathematics Letters},
  volume  = {149},
  pages   = {108903},
  issn    = {08939659},
  doi     = {10.1016/j.aml.2023.108903},
  urldate = {2024-05-26},
  langid  = {english}
}

@article{benziAugmentedLagrangianBased2006,
  title   = {An {{Augmented Lagrangian}}-{{Based Approach}} to the {{Oseen Problem}}},
  author  = {Benzi, Michele and Olshanskii, Maxim A.},
  year    = {2006},
  journal = {SIAM Journal on Scientific Computing},
  volume  = {28},
  number  = {6},
  pages   = {2095--2113},
  issn    = {1064-8275, 1095-7197},
  doi     = {10.1137/050646421},
  urldate = {2023-11-16},
  langid  = {english}
}

@article{benziIntroductionSaddlePoint,
  title   = {Introduction to {{Saddle Point Problems}}},
  author  = {Benzi, Michele},
  journal = {f .},
  langid  = {english}
}

@article{benziNumericalSolutionSaddle2005,
  title   = {Numerical Solution of Saddle Point Problems},
  author  = {Benzi, Michele and Golub, Gene H. and Liesen, J{\"o}rg},
  year    = {2005},
  journal = {Acta Numerica},
  volume  = {14},
  pages   = {1--137},
  issn    = {0962-4929, 1474-0508},
  doi     = {10.1017/S0962492904000212},
  urldate = {2023-10-13},
  langid  = {english}
}

@article{benziPreconditioningTechniquesLarge2002,
  title      = {Preconditioning {{Techniques}} for {{Large Linear Systems}}: {{A Survey}}},
  shorttitle = {Preconditioning {{Techniques}} for {{Large Linear Systems}}},
  author     = {Benzi, Michele},
  year       = {2002},
  journal    = {Journal of Computational Physics},
  volume     = {182},
  number     = {2},
  pages      = {418--477},
  issn       = {00219991},
  doi        = {10.1006/jcph.2002.7176},
  urldate    = {2024-05-27},
  copyright  = {https://www.elsevier.com/tdm/userlicense/1.0/},
  langid     = {english}
}

@article{bergouniouxOptimalControlObstacle,
  title  = {Optimal Control of an Obstacle Problem},
  author = {Bergounioux, M},
  langid = {english}
}

@techreport{bevir1980relaxation,
  title       = {Relaxation, flux consumption and quasi steady state pinches},
  author      = {Bevir, MK and Gray, JW},
  year        = {1980},
  institution = {Los Alamos National Laboratory},
  number      = {LA-8944-C}
}

@misc{bockPreconditionerDesignBregman2023,
  title         = {Preconditioner {{Design}} via the {{Bregman Divergence}}},
  author        = {Bock, Andreas and Andersen, Martin S.},
  year          = {2023},
  number        = {arXiv:2304.12162},
  eprint        = {2304.12162},
  primaryclass  = {cs, math},
  publisher     = {arXiv},
  urldate       = {2024-01-18},
  archiveprefix = {arXiv},
  langid        = {english},
  keywords      = {Mathematics - Numerical Analysis}
}

@book{boffiMixedFiniteElement2013,
  title     = {Mixed {{Finite Element Methods}} and {{Applications}}},
  author    = {Boffi, Daniele and Brezzi, Franco and Fortin, Michel},
  year      = {2013},
  series    = {Springer {{Series}} in {{Computational Mathematics}}},
  volume    = {44},
  publisher = {Springer Berlin Heidelberg},
  address   = {Berlin, Heidelberg},
  doi       = {10.1007/978-3-642-36519-5},
  urldate   = {2023-09-19},
  isbn      = {978-3-642-36518-8 978-3-642-36519-5},
  langid    = {english}
}

@article{borziMultigridMethodsPDE2009,
  title    = {Multigrid {{Methods}} for {{PDE Optimization}}},
  author   = {Borz{\`i}, Alfio and Schulz, Volker},
  year     = {2009},
  journal  = {SIAM Review},
  volume   = {51},
  number   = {2},
  pages    = {361--395},
  issn     = {0036-1445, 1095-7200},
  doi      = {10.1137/060671590},
  urldate  = {2023-12-05},
  langid   = {english},
  keywords = {multigrid method}
}

@article{boulleDatadrivenDiscoveryGreen,
  title  = {Data-Driven Discovery of {{Green}}'s Functions},
  author = {Boulle, Nicolas},
  langid = {english}
}

@article{boydNealParikhDepartment,
  title  = {Neal {{Parikh Department}} of {{Computer Science Stanford University}}},
  author = {Boyd, Stephen},
  langid = {english}
}

@article{boyleHSL_MI20EfficientAMG2010,
  title      = {{{HSL}}\_{{MI20}}: {{An}} Efficient {{AMG}} Preconditioner for Finite Element Problems in {{3D}}},
  shorttitle = {{{HSL}}\_{{MI20}}},
  author     = {Boyle, Jonathan and Mihajlovi{\'c}, Milan and Scott, Jennifer},
  year       = {2010},
  journal    = {International Journal for Numerical Methods in Engineering},
  volume     = {82},
  number     = {1},
  pages      = {64--98},
  issn       = {0029-5981, 1097-0207},
  doi        = {10.1002/nme.2758},
  urldate    = {2023-11-30},
  langid     = {english}
}

@article{bradleyEigenvalueBoundsDouble2022,
  title   = {Eigenvalue Bounds for Double Saddle-Point Systems},
  author  = {Bradley, Susanne and Greif, Chen},
  year    = {2022},
  journal = {IMA Journal of Numerical Analysis},
  pages   = {drac077},
  issn    = {0272-4979, 1464-3642},
  doi     = {10.1093/imanum/drac077},
  urldate = {2023-11-24},
  langid  = {english}
}

@article{brambleCONVERGENCEESTIMATESMULTIGRIDALGORITHMSREGULARITYASSUMPTIONS,
  title  = {{{CONVERGENCEESTIMATES FOR MULTIGRIDALGORITHMS WITHOUT REGULARITYASSUMPTIONS}}},
  author = {Bramble, Jamesh and Pasciak, Joseph E and Wang, Junping},
  langid = {english}
}

@article{brambleParallelMultilevelPreconditioners2023,
  title    = {Parallel {{Multilevel Preconditioners}}},
  author   = {Bramble, James H and Pasciak, Joseph E and Xu, Jinchao},
  year     = {2023},
  langid   = {english},
  keywords = {multigrid method}
}

@article{brenierTopologyPreservingDiffusionDivergenceFree2014,
  title     = {Topology-{{Preserving Diffusion}} of {{Divergence-Free Vector Fields}} and {{Magnetic Relaxation}}},
  author    = {Brenier, Yann},
  year      = {2014},
  journal   = {Communications in Mathematical Physics},
  volume    = {330},
  number    = {2},
  pages     = {757--770},
  issn      = {0010-3616, 1432-0916},
  doi       = {10.1007/s00220-014-1967-3},
  urldate   = {2024-05-22},
  copyright = {http://www.springer.com/tdm},
  langid    = {english}
}

@book{brezisFunctionalAnalysisSobolev2011,
  title     = {Functional {{Analysis}}, {{Sobolev Spaces}} and {{Partial Differential Equations}}},
  author    = {Brezis, Haim},
  year      = {2011},
  publisher = {Springer New York},
  address   = {New York, NY},
  doi       = {10.1007/978-0-387-70914-7},
  urldate   = {2023-11-20},
  isbn      = {978-0-387-70913-0 978-0-387-70914-7},
  langid    = {english}
}

@article{brezisPartialDifferentialEquations1998,
  title   = {Partial {{Differential Equations}} in the 20th {{Century}}},
  author  = {Brezis, Ha{\i}{\"i}m and Browder, Felix},
  year    = {1998},
  journal = {Advances in Mathematics},
  volume  = {135},
  number  = {1},
  pages   = {76--144},
  issn    = {00018708},
  doi     = {10.1006/aima.1997.1713},
  urldate = {2023-06-25},
  langid  = {english}
}

@article{brezzi1985two,
  title     = {Two families of mixed finite elements for second order elliptic problems},
  author    = {Brezzi, Franco and Douglas, Jim and Marini, L. Donatella},
  journal   = {Numerische Mathematik},
  volume    = {47},
  pages     = {217--235},
  year      = {1985},
  publisher = {Springer}
}

@article{brezziDISCONTINUOUSGALERKINMETHODS2004,
  title   = {{{DISCONTINUOUS GALERKIN METHODS FOR FIRST-ORDER HYPERBOLIC PROBLEMS}}},
  author  = {Brezzi, F. and Marini, L. D. and S{\"u}li, E.},
  year    = {2004},
  journal = {Mathematical Models and Methods in Applied Sciences},
  volume  = {14},
  number  = {12},
  pages   = {1893--1903},
  issn    = {0218-2025, 1793-6314},
  doi     = {10.1142/S0218202504003866},
  urldate = {2024-04-12},
  langid  = {english}
}

@article{brezziExistenceUniquenessApproximation1974,
  title   = {On the Existence, Uniqueness and Approximation of Saddle-Point Problems Arising from Lagrangian Multipliers},
  author  = {Brezzi, F.},
  year    = {1974},
  journal = {Revue fran{\c c}aise d'automatique, informatique, recherche op{\'e}rationnelle. Analyse num{\'e}rique},
  volume  = {8},
  number  = {R2},
  pages   = {129--151},
  issn    = {0397-9342},
  doi     = {10.1051/m2an/197408R201291},
  urldate = {2023-09-17},
  langid  = {english}
}

@article{brianziFrameworkStudyingRegularizing2006,
  title   = {A Framework for Studying the Regularizing Properties of {{Krylov}} Subspace Methods},
  author  = {Brianzi, P and Favati, P and Menchi, O and Romani, F},
  year    = {2006},
  journal = {Inverse Problems},
  volume  = {22},
  number  = {3},
  pages   = {1007--1021},
  issn    = {0266-5611, 1361-6420},
  doi     = {10.1088/0266-5611/22/3/017},
  urldate = {2022-12-13},
  langid  = {english}
}

@article{brubeckLightningStokesSolver2022,
  title   = {Lightning {{Stokes Solver}}},
  author  = {Brubeck, Pablo D. and Trefethen, Lloyd N.},
  year    = {2022},
  journal = {SIAM Journal on Scientific Computing},
  volume  = {44},
  number  = {3},
  pages   = {A1205-A1226},
  issn    = {1064-8275, 1095-7197},
  doi     = {10.1137/21M1408579},
  urldate = {2024-05-29},
  langid  = {english}
}

@article{brubeckOptimalcomplexityRobustMultigrid,
  title  = {Optimal-Complexity and Robust Multigrid Methods for High-Order {{FEM}}},
  author = {Brubeck, Pablo D},
  langid = {english}
}

@misc{buelerFullApproximationScheme2023,
  title         = {A Full Approximation Scheme Multilevel Method for Nonlinear Variational Inequalities},
  author        = {Bueler, Ed and Farrell, Patrick E.},
  year          = {2023},
  number        = {arXiv:2308.06888},
  eprint        = {2308.06888},
  primaryclass  = {cs, math},
  publisher     = {arXiv},
  urldate       = {2023-11-22},
  archiveprefix = {arXiv},
  langid        = {english},
  keywords      = {65K15 35M86 90C33,Mathematics - Numerical Analysis}
}

@book{buelerPETScPartialDifferential2021,
  title      = {{{PETSc}} for Partial Differential Equations: Numerical Solutions in {{C}} and {{Python}}},
  shorttitle = {{{PETSc}} for Partial Differential Equations},
  author     = {Bueler, Edward L.},
  year       = {2021},
  series     = {Software, Environments, and Tools},
  number     = {31},
  publisher  = {{Society for Industrial and Applied Mathematics}},
  address    = {Philadelphia},
  isbn       = {978-1-61197-631-1},
  langid     = {english},
  lccn       = {QA377},
  keywords   = {C (Computer program language),Computer programs,Differential equations Partial,Numerical analysis,Parallel programming (Computer science),Python (Computer program language)}
}

@article{buhmannRadialBasisFunctions,
  title   = {Radial Basis Functions},
  author  = {Buhmann, M D},
  journal = {Radial basis functions},
  langid  = {english}
}

@article{burmanStabilizedFiniteElement2008,
  title     = {Stabilized Finite Element Schemes for Incompressible Flow Using {{Scott}}--{{Vogelius}} Elements},
  author    = {Burman, E. and Linke, A.},
  year      = {2008},
  journal   = {Applied Numerical Mathematics},
  volume    = {58},
  number    = {11},
  pages     = {1704--1719},
  issn      = {01689274},
  doi       = {10.1016/j.apnum.2007.11.001},
  urldate   = {2024-07-08},
  copyright = {https://www.elsevier.com/tdm/userlicense/1.0/},
  langid    = {english}
}

@article{calvettiRegularizingPropertiesGMRES2002,
  title   = {On the Regularizing Properties of the {{GMRES}} Method},
  author  = {Calvetti, D. and Lewis, B. and Reichel, L.},
  year    = {2002},
  journal = {Numerische Mathematik},
  volume  = {91},
  number  = {4},
  pages   = {605--625},
  issn    = {0029-599X, 0945-3245},
  doi     = {10.1007/s002110100339},
  urldate = {2022-12-13},
  langid  = {english}
}

@article{candelaresiMagneticHelicityTopological,
  title  = {Magnetic Helicity: Topological Interpretation, Relaxation and Transport},
  author = {Candelaresi, Simon},
  langid = {english}
}

@misc{candelaresiMimeticMethodsLagrangian2014a,
  title         = {Mimetic {{methods}} for {{Lagrangian relaxation}} of {{magnetic fields}}},
  author        = {Candelaresi, Simon and Pontin, David and Hornig, Gunnar},
  year          = {2014},
  number        = {arXiv:1405.0942},
  eprint        = {1405.0942},
  primaryclass  = {astro-ph, physics:physics},
  publisher     = {arXiv},
  urldate       = {2024-01-19},
  archiveprefix = {arXiv},
  langid        = {english},
  keywords      = {65D25 47F05 65M06 68W40 76W05 85-08 85A30,Astrophysics - Solar and Stellar Astrophysics,Physics - Computational Physics,Physics - Plasma Physics}
}

@misc{candelaresiStabilityPlasmasMagnetic2021,
  title         = {Stability of Plasmas through Magnetic Helicity},
  author        = {Candelaresi, Simon and Del Sordo, Fabio},
  year          = {2021},
  number        = {arXiv:2112.01193},
  eprint        = {2112.01193},
  primaryclass  = {astro-ph, physics:physics},
  publisher     = {arXiv},
  urldate       = {2024-03-13},
  archiveprefix = {arXiv},
  langid        = {english},
  keywords      = {Astrophysics - Astrophysics of Galaxies,Astrophysics - Solar and Stellar Astrophysics,Physics - Plasma Physics,Physics - Space Physics}
}

@article{candelaresiTwistedMagneticKnots2023,
  title         = {Twisted {{Magnetic Knots}} and {{Links}}},
  author        = {Candelaresi, Simon and Beck, Celine},
  year          = {2023},
  journal       = {Physics of Plasmas},
  volume        = {30},
  number        = {8},
  eprint        = {2311.13660},
  primaryclass  = {astro-ph, physics:physics},
  pages         = {082102},
  issn          = {1070-664X, 1089-7674},
  doi           = {10.1063/5.0148156},
  urldate       = {2024-01-23},
  archiveprefix = {arXiv},
  langid        = {english},
  keywords      = {Astrophysics - Solar and Stellar Astrophysics,Physics - Plasma Physics}
}

@article{CaoNoteConstraintPreconditioning2002,
  title   = {A {{Note}} on {{Constraint Preconditioning}} for {{Nonsymmetric Indefinite Matrices}}},
  author  = {Cao, Zhi-Hao},
  year    = {2002},
  journal = {SIAM Journal on Matrix Analysis and Applications},
  volume  = {24},
  number  = {1},
  pages   = {121--125},
  issn    = {0895-4798, 1095-7162},
  doi     = {10.1137/S0895479801391424},
  urldate = {2024-05-05},
  langid  = {english}
}

@misc{carsonSolvingLinearAlgebraic2023,
  title         = {Solving Linear Algebraic Equations with {{Krylov}} Subspace Methods Is Still Interesting!},
  author        = {Carson, Erin and Liesen, J{\"o}rg and Strako{\v s}, Zden{\v e}k},
  year          = {2023},
  number        = {arXiv:2211.00953},
  eprint        = {2211.00953},
  primaryclass  = {cs, math},
  publisher     = {arXiv},
  urldate       = {2023-11-02},
  archiveprefix = {arXiv},
  langid        = {english},
  keywords      = {15A60 65F10 65F35,Mathematics - Numerical Analysis}
}

@article{ChaeWellposednessHallmagnetohydrodynamics2014,
  title   = {Well-Posedness for {{Hall-magnetohydrodynamics}}},
  author  = {Chae, Dongho and Degond, Pierre and Liu, Jian-Guo},
  year    = {2014},
  journal = {Annales de l'Institut Henri Poincar{\'e} C, Analyse non lin{\'e}aire},
  volume  = {31},
  number  = {3},
  pages   = {555--565},
  issn    = {0294-1449, 1873-1430},
  doi     = {10.1016/j.anihpc.2013.04.006},
  urldate = {2024-06-17},
  langid  = {english}
}

@incollection{chanAgglomerationMultigridMethod1998,
  title     = {An Agglomeration Multigrid Method for Unstructured Grids},
  booktitle = {Contemporary {{Mathematics}}},
  author    = {Chan, Tony F. and Xu, Jinchao and Zikatanov, Ludmil},
  editor    = {Mandel, Jan and Farhat, Charbel and Cai, Xiao-Chuan},
  year      = {1998},
  volume    = {218},
  pages     = {67--81},
  publisher = {American Mathematical Society},
  address   = {Providence, Rhode Island},
  doi       = {10.1090/conm/218/03002},
  urldate   = {2023-11-06},
  isbn      = {978-0-8218-0988-4 978-0-8218-1177-1},
  langid    = {english}
}

@article{chanGeneralizedFiniteDifference2013,
  title   = {Generalized Finite Difference Method for Solving Two-Dimensional Non-Linear Obstacle Problems},
  author  = {Chan, Hsin-Fang and Fan, Chia-Ming and Kuo, Chia-Wen},
  year    = {2013},
  journal = {Engineering Analysis with Boundary Elements},
  volume  = {37},
  number  = {9},
  pages   = {1189--1196},
  issn    = {09557997},
  doi     = {10.1016/j.enganabound.2013.05.004},
  urldate = {2024-01-31},
  langid  = {english}
}

@article{chen2021finite,
  title     = {Finite Time Blowup of 2D Boussinesq and 3D Euler Equations with C\^{} 1, $\alpha$ C 1, $\alpha$ Velocity and Boundary},
  author    = {Chen, Jiajie and Hou, Thomas Y},
  journal   = {Communications in Mathematical Physics},
  volume    = {383},
  pages     = {1559--1667},
  year      = {2021},
  publisher = {Springer}
}

@misc{chenAcceleratedGradientSkewSymmetric2023,
  title         = {Accelerated {{Gradient}} and {{Skew-Symmetric Splitting Methods}} for a {{Class}} of {{Monotone Operator Equations}}},
  author        = {Chen, Long and Wei, Jingrong},
  year          = {2023},
  number        = {arXiv:2303.09009},
  eprint        = {2303.09009},
  primaryclass  = {math},
  publisher     = {arXiv},
  urldate       = {2024-07-09},
  archiveprefix = {arXiv},
  langid        = {english},
  keywords      = {37N40 47H05 47J25 65B99 65J15 65L20,Mathematics - Optimization and Control}
}

@article{chenCLASSICALITERATIVEMETHODS,
  title  = {{{CLASSICAL ITERATIVE METHODS}}},
  author = {Chen, Long},
  langid = {english}
}

@article{chenCONJUGATEGRADIENTMETHODS,
  title  = {{{CONJUGATE GRADIENT METHODS}}},
  author = {Chen, Long},
  langid = {english}
}

@article{chenDATASTRUCTURETRIANGULATIONS,
  title  = {{{DATA STRUCTURE FOR TRIANGULATIONS}}},
  author = {Chen, Long},
  langid = {english}
}

@article{ChenDecouplingMixedMethods2018,
  title   = {Decoupling of {{Mixed Methods Based}} on {{Generalized Helmholtz Decompositions}}},
  author  = {Chen, Long and Huang, Xuehai},
  year    = {2018},
  journal = {SIAM Journal on Numerical Analysis},
  volume  = {56},
  number  = {5},
  pages   = {2796--2825},
  issn    = {0036-1429, 1095-7170},
  doi     = {10.1137/17M1145872},
  urldate = {2024-06-03},
  langid  = {english}
}

@article{chenErrorAnalysisVirtual2018,
  title   = {Some Error Analysis on Virtual Element Methods},
  author  = {Chen, Long and Huang, Jianguo},
  year    = {2018},
  journal = {Calcolo},
  volume  = {55},
  number  = {1},
  pages   = {5},
  issn    = {0008-0624, 1126-5434},
  doi     = {10.1007/s10092-018-0249-4},
  urldate = {2024-06-17},
  langid  = {english}
}

@article{chenFASTSOLVERSSTOKES,
  title  = {{{FAST SOLVERS FOR STOKES EQUATIONS}}},
  author = {Chen, Long},
  langid = {english}
}

@article{chenFINITEDIFFERENCEMETHOD,
  title  = {{{FINITE DIFFERENCE METHOD FOR STOKES EQUATIONS}}: {{MAC SCHEME}}},
  author = {Chen, Long},
  langid = {english}
}

@article{chenFINITEELEMENTMETHODS,
  title  = {{{FINITE ELEMENT METHODS FOR LINEAR ELASTICITY}}},
  author = {Chen, Long},
  langid = {english}
}

@article{chenFINITEELEMENTMETHODSa,
  title  = {{{FINITE ELEMENT METHODS FOR STOKES EQUATIONS}}},
  author = {Chen, Long},
  langid = {english}
}

@article{chenFINITEELEMENTMETHODSb,
  title  = {{{FINITE ELEMENT METHODS FOR MAXWELL EQUATIONS}}},
  author = {Chen, Long},
  langid = {english}
}

@article{chenFINITEELEMENTMETHODSc,
  title  = {{{FINITE ELEMENT METHODS FOR PARABOLIC EQUATIONS}}},
  author = {Chen, Long},
  langid = {english}
}

@article{chenINFSUPCONDITIONSOPERATOR,
  title  = {{{INF-SUP CONDITIONS FOR OPERATOR EQUATIONS}}},
  author = {Chen, Long},
  langid = {english}
}

@article{chenINTRODUCTIONADAPTIVEFINITE,
  title  = {{{INTRODUCTION TO ADAPTIVE FINITE ELEMENT METHODS}}},
  author = {Chen, Long},
  langid = {english}
}

@article{chenINTRODUCTIONCONVERGENCEANALYSIS,
  title  = {{{INTRODUCTION TO CONVERGENCE ANALYSIS OF ADAPTIVE FINITE ELEMENT METHODS}}},
  author = {Chen, Long},
  langid = {english}
}

@article{chenINTRODUCTIONFINITEELEMENT,
  title  = {{{INTRODUCTION TO FINITE ELEMENT METHODS}}},
  author = {Chen, Long},
  langid = {english}
}

@article{chenINTRODUCTIONLINEARELASTICITY,
  title   = {{{INTRODUCTION TO LINEAR ELASTICITY}}},
  author  = {Chen, Long},
  journal = {INTRODUCTION TO LINEAR ELASTICITY},
  langid  = {english}
}

@article{chenINTRODUCTIONMULTIGRIDMETHODS,
  title  = {{{INTRODUCTION TO MULTIGRID METHODS}}},
  author = {Chen, Long},
  langid = {english}
}

@article{chenITERATIVEMETHODSNONLINEAR,
  title  = {{{ITERATIVE METHODS FOR NONLINEAR ELLIPTIC EQUATIONS}}},
  author = {Chen, Long},
  langid = {english}
}

@article{chenMULTIGRIDCURLDIV,
  title  = {{{MULTIGRID FOR H}}({{CURL}}) {{AND H}}({{DIV}}) {{PROBLEMS}}},
  author = {Chen, Long},
  langid = {english}
}

@article{ChenPartialDifferentialEquations2023,
  title   = {Partial {{Differential Equations}} of {{Mixed Type}}---{{Analysis}} and {{Applications}}},
  author  = {Chen, Gui-Qiang G},
  year    = {2023},
  journal = {Notices of the American Mathematical Society},
  volume  = {70},
  number  = {01},
  pages   = {1},
  issn    = {0002-9920, 1088-9477},
  doi     = {10.1090/noti2609},
  urldate = {2024-02-15},
  langid  = {english}
}

@article{chenPROGRAMMINGFINITEELEMENT,
  title  = {{{PROGRAMMING OF FINITE ELEMENT METHODS IN MATLAB}}},
  author = {Chen, Long},
  langid = {english}
}

@article{chenPROGRAMMINGMULTIGRIDMETHODS,
  title  = {{{PROGRAMMING OF MULTIGRID METHODS}}},
  author = {Chen, Long},
  langid = {english}
}

@article{chenRECURSIVEPROOFSMULTIGRID,
  title  = {{{RECURSIVE PROOFS FOR MULTIGRID METHODS}}},
  author = {Chen, Long},
  langid = {english}
}

@article{chenSimpleConstructionFortin2014,
  title   = {A Simple Construction of a {{Fortin}} Operator for the Two Dimensional {{Taylor}}--{{Hood}} Element},
  author  = {Chen, Long},
  year    = {2014},
  journal = {Computers \& Mathematics with Applications},
  volume  = {68},
  number  = {10},
  pages   = {1368--1373},
  issn    = {08981221},
  doi     = {10.1016/j.camwa.2014.09.003},
  urldate = {2023-12-07},
  langid  = {english}
}

@article{chenSOBOLEVSPACESELLIPTIC,
  title  = {{{SOBOLEV SPACES AND ELLIPTIC EQUATIONS}}},
  author = {Chen, Long},
  langid = {english}
}

@article{chenSUBSPACECORRECTIONMETHOD,
  title  = {{{SUBSPACE CORRECTION METHOD AND AUXILIARY SPACE METHOD}}},
  author = {Chen, Long},
  langid = {english}
}

@article{chenTransformedPrimalDual2023,
  title     = {Transformed Primal--Dual Methods for Nonlinear Saddle Point Systems},
  author    = {Chen, Long and Wei, Jingrong},
  year      = {2023},
  journal   = {Journal of Numerical Mathematics},
  volume    = {31},
  number    = {4},
  pages     = {281--311},
  issn      = {1570-2820, 1569-3953},
  doi       = {10.1515/jnma-2022-0056},
  urldate   = {2024-07-09},
  copyright = {http://creativecommons.org/licenses/by-nc-nd/3.0},
  langid    = {english}
}

@misc{chenTransformedPrimalDualMethods2023,
  title         = {Transformed {{Primal-Dual Methods}} with {{Variable-Preconditioners}}},
  author        = {Chen, Long and Guo, Ruchi and Wei, Jingrong},
  year          = {2023},
  number        = {arXiv:2312.12355},
  eprint        = {2312.12355},
  primaryclass  = {cs, math},
  publisher     = {arXiv},
  urldate       = {2024-07-09},
  archiveprefix = {arXiv},
  langid        = {english},
  keywords      = {37N30 47J25 65K05 65N12 90C30,Mathematics - Numerical Analysis}
}

@misc{chenUnifiedConvergenceAnalysis2021,
  title         = {A {{Unified Convergence Analysis}} of {{First Order Convex Optimization Methods}} via {{Strong Lyapunov Functions}}},
  author        = {Chen, Long and Luo, Hao},
  year          = {2021},
  number        = {arXiv:2108.00132},
  eprint        = {2108.00132},
  primaryclass  = {math},
  publisher     = {arXiv},
  urldate       = {2024-07-09},
  archiveprefix = {arXiv},
  langid        = {english},
  keywords      = {Mathematics - Optimization and Control}
}

@article{chenUNIFIEDERRORANALYSIS,
  title  = {{{UNIFIED ERROR ANALYSIS}}},
  author = {Chen, Long},
  langid = {english}
}

@article{chenVARIATIONALFORMULATIONLINEAR,
  title  = {{{VARIATIONAL FORMULATION OF LINEAR ELASTICITY}}},
  author = {Chen, Long},
  langid = {english}
}

@article{Chodura3DcodeMHD1981,
  title     = {A {{3D}} Code for {{MHD}} Equilibrium and Stability},
  author    = {Chodura, R. and Schl{\"u}ter, A.},
  year      = {1981},
  journal   = {Journal of Computational Physics},
  volume    = {41},
  number    = {1},
  pages     = {68--88},
  issn      = {00219991},
  doi       = {10.1016/0021-9991(81)90080-2},
  urldate   = {2024-08-29},
  copyright = {https://www.elsevier.com/tdm/userlicense/1.0/},
  langid    = {english}
}

@article{christiansenNodalFiniteElement2018,
  title   = {Nodal Finite Element de {{Rham}} Complexes},
  author  = {Christiansen, Snorre H. and Hu, Jun and Hu, Kaibo},
  year    = {2018},
  journal = {Numerische Mathematik},
  volume  = {139},
  number  = {2},
  pages   = {411--446},
  issn    = {0029-599X, 0945-3245},
  doi     = {10.1007/s00211-017-0939-x},
  urldate = {2024-05-10},
  langid  = {english}
}

@article{christiansenTopicsStructurepreservingDiscretization2011,
  title     = {Topics in Structure-Preserving Discretization},
  author    = {Christiansen, Snorre H. and {Munthe-Kaas}, Hans Z. and Owren, Brynjulf},
  year      = {2011},
  journal   = {Acta Numerica},
  volume    = {20},
  pages     = {1--119},
  issn      = {0962-4929, 1474-0508},
  doi       = {10.1017/S096249291100002X},
  urldate   = {2024-05-15},
  copyright = {https://www.cambridge.org/core/terms},
  langid    = {english}
}

@book{cockburnDiscontinuousGalerkinMethods2000,
  title      = {Discontinuous {{Galerkin Methods}}: {{Theory}}, {{Computation}} and {{Applications}}},
  shorttitle = {Discontinuous {{Galerkin Methods}}},
  editor     = {Cockburn, Bernardo and Karniadakis, George E. and Shu, Chi-Wang and Griebel, M. and Keyes, D. E. and Nieminen, R. M. and Roose, D. and Schlick, T.},
  year       = {2000},
  series     = {Lecture {{Notes}} in {{Computational Science}} and {{Engineering}}},
  volume     = {11},
  publisher  = {Springer Berlin Heidelberg},
  address    = {Berlin, Heidelberg},
  doi        = {10.1007/978-3-642-59721-3},
  urldate    = {2022-12-13},
  isbn       = {978-3-642-64098-8 978-3-642-59721-3},
  langid     = {english}
}

@article{cockburnNoteDiscontinuousGalerkin2007,
  title      = {A {{Note}} on {{Discontinuous Galerkin Divergence-free Solutions}} of the {{Navier}}--{{Stokes Equations}}},
  author     = {Cockburn, Bernardo and Kanschat, Guido and Sch{\"o}tzau, Dominik},
  year       = {2007},
  journal    = {Journal of Scientific Computing},
  volume     = {31},
  number     = {1-2},
  pages      = {61--73},
  issn       = {0885-7474, 1573-7691},
  doi        = {10.1007/s10915-006-9107-7},
  urldate    = {2024-02-12},
  langid     = {english},
  annotation = {rate: 0}
}

@article{constantin2012new,
  title     = {New numerical results for the surface quasi-geostrophic equation},
  author    = {Constantin, Peter and Lai, Ming-Chih and Sharma, Ramjee and Tseng, Yu-Hou and Wu, Jiahong},
  journal   = {Journal of Scientific Computing},
  volume    = {50},
  pages     = {1--28},
  year      = {2012},
  publisher = {Springer}
}

@article{constantinMagneticRelaxationVoigt2023,
  title   = {Magnetic {{Relaxation}} of a {{Voigt}}--{{MHD System}}},
  author  = {Constantin, Peter and Pasqualotto, Federico},
  year    = {2023},
  journal = {Communications in Mathematical Physics},
  volume  = {402},
  number  = {2},
  pages   = {1931--1952},
  issn    = {0010-3616, 1432-0916},
  doi     = {10.1007/s00220-023-04770-1},
  urldate = {2024-05-22},
  langid  = {english}
}

@article{corsoKrylovSubspaceMethods,
  title  = {Krylov Subspace Methods for Solving Linear Systems},
  author = {Corso, G M Del and Menchi, O and Romani, F},
  langid = {english}
}

@article{cotterWeightedNormPreconditionersMultilayer2023,
  title   = {Weighted-{{Norm Preconditioners}} for a {{Multilayer Tide Model}}},
  author  = {Cotter, Colin J. and Kirby, Robert C. and Morris, Hunter},
  year    = {2023},
  journal = {SIAM Journal on Scientific Computing},
  volume  = {45},
  number  = {4},
  pages   = {A1789-A1811},
  issn    = {1064-8275, 1095-7197},
  doi     = {10.1137/22M150753X},
  urldate = {2023-11-10},
  langid  = {english}
}

@article{craig1986dynamic,
  title   = {A dynamic relaxation technique for determining the structure and stability of coronal magnetic fields},
  author  = {Craig, I. J. D. and Sneyd, A. D.},
  journal = {Astrophysical Journal, Part 1 (ISSN 0004-637X), vol. 311, Dec. 1, 1986, p. 451-459.},
  volume  = {311},
  pages   = {451--459},
  year    = {1986}
}

@article{craig2005parker,
  title     = {The {Parker} problem and the theory of coronal heating},
  author    = {Craig, I. J. D. and Sneyd, A. D.},
  journal   = {Solar Physics},
  volume    = {232},
  pages     = {41--62},
  year      = {2005},
  publisher = {Springer}
}

@article{craig2014current,
  title     = {Current singularities in line-tied three-dimensional magnetic fields},
  author    = {Craig, I. J. D. and Pontin, DI},
  journal   = {The Astrophysical Journal},
  volume    = {788},
  number    = {2},
  pages     = {177},
  year      = {2014},
  publisher = {IOP Publishing}
}

@article{craigParkerProblemTheory2005,
  title     = {The {{Parker Problem}} and the {{Theory}} of {{Coronal Heating}}},
  author    = {Craig, I. J. D. and Sneyd, A. D.},
  year      = {2005},
  journal   = {Solar Physics},
  volume    = {232},
  number    = {1-2},
  pages     = {41--62},
  issn      = {0038-0938, 1573-093X},
  doi       = {10.1007/s11207-005-1582-8},
  urldate   = {2024-05-30},
  copyright = {http://www.springer.com/tdm},
  langid    = {english}
}

@misc{daveigaConvergenceAnalysisHelicitypreserving2024,
  title         = {Convergence Analysis of a Helicity-Preserving Finite Element Discretisation for an Incompressible Magnetohydrodynamics System},
  author        = {{da Veiga}, L. Beirao and Hu, K. and Mascotto, L.},
  year          = {2024},
  number        = {arXiv:2407.19748},
  eprint        = {2407.19748},
  primaryclass  = {cs, math},
  publisher     = {arXiv},
  urldate       = {2024-08-12},
  archiveprefix = {arXiv},
  langid        = {english},
  keywords      = {65N30 65M60 76W05,Mathematics - Numerical Analysis}
}

@article{daveigaPressureRobustSUPGstabilized2023,
  title     = {Pressure Robust {{SUPG-stabilized}} Finite Elements for the Unsteady {{Navier-Stokes}} Equation},
  author    = {{da Veiga}, L. Beir{\~a}o and Dassi, F. and Vacca, G.},
  year      = {2023},
  publisher = {[object Object]},
  doi       = {10.48550/ARXIV.2302.13952},
  urldate   = {2024-05-10},
  copyright = {arXiv.org perpetual, non-exclusive license},
  keywords  = {FOS: Mathematics,Numerical Analysis (math.NA)}
}

@misc{daveigaVirtualElementMethod2022,
  title         = {The {{Virtual Element Method}} for the {{3D Resistive Magnetohydrodynamic}} Model},
  author        = {{da Veiga}, Louren{\c c}o Beir{\~a}o and Dassi, Franco and Manzini, Gianmarco and Mascotto, Lorenzo},
  year          = {2022},
  number        = {arXiv:2201.04417},
  eprint        = {2201.04417},
  primaryclass  = {cs, math},
  publisher     = {arXiv},
  urldate       = {2024-08-12},
  archiveprefix = {arXiv},
  langid        = {english},
  keywords      = {65N12 65N15 76E25 76W05,Mathematics - Numerical Analysis}
}

@article{dediegoViscousContactProblems,
  title  = {Viscous Contact Problems in Glaciology},
  author = {{de Diego}, Gonzalo Gonzalez},
  langid = {english}
}

@misc{delville-atchekzaiSubstructuringHiptmairXuPreconditioner2023,
  title         = {Substructuring the {{Hiptmair-Xu}} Preconditioner for Positive {{Maxwell}} Problems},
  author        = {{Delville-Atchekzai}, R. and Claeys, X. and Lecouvez, M.},
  year          = {2023},
  number        = {arXiv:2306.13217},
  eprint        = {2306.13217},
  primaryclass  = {cs, math},
  publisher     = {arXiv},
  urldate       = {2024-06-17},
  archiveprefix = {arXiv},
  langid        = {english},
  keywords      = {Mathematics - Numerical Analysis}
}

@misc{Denkintroductionmaximalregularity2020,
  title         = {An Introduction to Maximal Regularity for Parabolic Evolution Equations},
  author        = {Denk, Robert},
  year          = {2020},
  number        = {arXiv:2003.04554},
  eprint        = {2003.04554},
  primaryclass  = {math},
  publisher     = {arXiv},
  urldate       = {2024-05-22},
  archiveprefix = {arXiv},
  langid        = {english},
  keywords      = {35-02 35K90 42B35 35B65,Mathematics - Analysis of PDEs}
}

@article{dewarRelaxedMagnetohydrodynamicsIdeal2022,
  title   = {Relaxed Magnetohydrodynamics with Ideal {{Ohm}}'s Law Constraint},
  author  = {Dewar, R.L. and Qu, Z.S.},
  year    = {2022},
  journal = {Journal of Plasma Physics},
  volume  = {88},
  number  = {1},
  pages   = {835880101},
  issn    = {0022-3778, 1469-7807},
  doi     = {10.1017/S0022377821001355},
  urldate = {2024-06-22},
  langid  = {english}
}

@article{dicksonModularCurvesClass,
  title  = {Modular Curves and the Class Number One Problem},
  author = {Dickson, Martin},
  langid = {english}
}

@article{DispersionWaterWaves2022,
  title      = {Dispersion (Water Waves)},
  year       = {2022},
  journal    = {Wikipedia},
  urldate    = {2022-05-09},
  copyright  = {Creative Commons Attribution-ShareAlike License},
  langid     = {english},
  annotation = {Page Version ID: 1079498536}
}

@article{eDawningNewEra2021,
  title   = {The {{Dawning}} of a {{New Era}} in {{Applied Mathematics}}},
  author  = {E, Weinan},
  year    = {2021},
  journal = {Notices of the American Mathematical Society},
  volume  = {68},
  number  = {04},
  pages   = {1},
  issn    = {0002-9920, 1088-9477},
  doi     = {10.1090/noti2259},
  urldate = {2024-02-16},
  langid  = {english}
}

@article{elmanBlockPreconditionersBased2006,
  title   = {Block {{Preconditioners Based}} on {{Approximate Commutators}}},
  author  = {Elman, Howard and Howle, Victoria E. and Shadid, John and Shuttleworth, Robert and Tuminaro, Ray},
  year    = {2006},
  journal = {SIAM Journal on Scientific Computing},
  volume  = {27},
  number  = {5},
  pages   = {1651--1668},
  issn    = {1064-8275, 1095-7197},
  doi     = {10.1137/040608817},
  urldate = {2023-11-21},
  langid  = {english}
}

@book{elmanFiniteElementsFast2005,
  title      = {Finite Elements and Fast Iterative Solvers: With Applications in Incompressible Fluid Dynamics},
  shorttitle = {Finite Elements and Fast Iterative Solvers},
  author     = {Elman, Howard C. and Silvester, David J. and Wathen, Andrew J.},
  year       = {2005},
  series     = {Numerical Mathematics and Scientific Computation},
  publisher  = {Oxford University Press},
  address    = {Oxford ; New York},
  isbn       = {978-0-19-852867-8 978-0-19-852868-5},
  langid     = {english},
  lccn       = {QA911 .E39 2005},
  keywords   = {Computational fluid dynamics,Differential equations Partial,Finite element method}
}

@article{elmanIFISSComputationalLaboratory2014a,
  title      = {{{IFISS}}: {{A Computational Laboratory}} for {{Investigating Incompressible Flow Problems}}},
  shorttitle = {{{IFISS}}},
  author     = {Elman, Howard C. and Ramage, Alison and Silvester, David J.},
  year       = {2014},
  journal    = {SIAM Review},
  volume     = {56},
  number     = {2},
  pages      = {261--273},
  issn       = {0036-1445, 1095-7200},
  doi        = {10.1137/120891393},
  urldate    = {2023-11-22},
  langid     = {english}
}

@article{elmanPreconditioningTechniquesNewton2003,
  title   = {Preconditioning {{Techniques}} for {{Newton}}'s {{Method}} for the {{Incompressible Navier}}--{{Stokes Equations}}},
  author  = {Elman, H. C. and Loghin, D. and Wathen, A. J.},
  year    = {2003},
  journal = {BIT Numerical Mathematics},
  volume  = {43},
  number  = {5},
  pages   = {961--974},
  issn    = {0006-3835},
  doi     = {10.1023/B:BITN.0000014565.86918.df},
  urldate = {2023-11-21},
  langid  = {english}
}

@article{enciso2025obstructions,
  title     = {Obstructions to topological relaxation for generic magnetic fields},
  author    = {Enciso, Alberto and Peralta-Salas, Daniel},
  journal   = {Archive for Rational Mechanics and Analysis},
  volume    = {249},
  number    = {1},
  pages     = {1--28},
  year      = {2025},
  publisher = {Springer}
}

@book{ernFiniteElementsApproximation2021,
  title      = {Finite {{Elements I}}: {{Approximation}} and {{Interpolation}}},
  shorttitle = {Finite {{Elements I}}},
  author     = {Ern, Alexandre and Guermond, Jean-Luc},
  year       = {2021},
  series     = {Texts in {{Applied Mathematics}}},
  volume     = {72},
  publisher  = {Springer International Publishing},
  address    = {Cham},
  doi        = {10.1007/978-3-030-56341-7},
  urldate    = {2023-09-25},
  isbn       = {978-3-030-56340-0 978-3-030-56341-7},
  langid     = {english}
}

@book{ernFiniteElementsII2021,
  title      = {Finite {{Elements II}}: {{Galerkin Approximation}}, {{Elliptic}} and {{Mixed PDEs}}},
  shorttitle = {Finite {{Elements II}}},
  author     = {Ern, Alexandre and Guermond, Jean-Luc},
  year       = {2021},
  series     = {Texts in {{Applied Mathematics}}},
  volume     = {73},
  publisher  = {Springer International Publishing},
  address    = {Cham},
  doi        = {10.1007/978-3-030-56923-5},
  urldate    = {2023-09-25},
  isbn       = {978-3-030-56922-8 978-3-030-56923-5},
  langid     = {english}
}

@book{ernFiniteElementsIII2021,
  title      = {Finite {{Elements III}}: {{First-Order}} and {{Time-Dependent PDEs}}},
  shorttitle = {Finite {{Elements III}}},
  author     = {Ern, Alexandre and Guermond, Jean-Luc},
  year       = {2021},
  series     = {Texts in {{Applied Mathematics}}},
  volume     = {74},
  publisher  = {Springer International Publishing},
  address    = {Cham},
  doi        = {10.1007/978-3-030-57348-5},
  urldate    = {2023-09-25},
  isbn       = {978-3-030-57347-8 978-3-030-57348-5},
  langid     = {english}
}

@article{ErrorboundsFiniteElement,
  title  = {Error-Bounds for Finite Element Method},
  langid = {english}
}

@book{facchineiFinitedimensionalVariationalInequalities2003,
  title     = {Finite-Dimensional Variational Inequalities and Complementarity Problems},
  author    = {Facchinei, Francisco and Pang, Jong-Shi},
  year      = {2003},
  series    = {Springer Series in Operations Research},
  publisher = {Springer},
  address   = {New York},
  isbn      = {978-0-387-95580-3 978-0-387-95581-0},
  langid    = {english},
  lccn      = {QA316 .P36 2003},
  keywords  = {Linear complementarity problem,Variational inequalities (Mathematics)}
}

@article{falgoutIntroductionAlgebraicMultigrid2006,
  title     = {An Introduction to Algebraic Multigrid},
  author    = {Falgout, R.D.},
  year      = {2006},
  journal   = {Computing in Science \& Engineering},
  volume    = {8},
  number    = {6},
  pages     = {24--33},
  issn      = {1521-9615, 1558-366X},
  doi       = {10.1109/MCSE.2006.105},
  urldate   = {2024-03-29},
  copyright = {https://ieeexplore.ieee.org/Xplorehelp/downloads/license-information/IEEE.html},
  langid    = {english}
}

@misc{fanIntroductionKrylovSubspace2018,
  title         = {An {{Introduction}} to {{Krylov Subspace Methods}}},
  author        = {Fan, Shitao},
  year          = {2018},
  number        = {arXiv:1811.09025},
  eprint        = {1811.09025},
  primaryclass  = {math},
  publisher     = {arXiv},
  urldate       = {2022-12-07},
  archiveprefix = {arXiv},
  langid        = {english},
  keywords      = {Mathematics - Optimization and Control}
}

@article{FaracoMagnetichelicityweak2024,
  title   = {Magnetic Helicity, Weak Solutions and Relaxation of Ideal {{MHD}}},
  author  = {Faraco, Daniel and Lindberg, Sauli and Sz{\'e}kelyhidi, L{\'a}szl{\'o}},
  year    = {2024},
  journal = {Communications on Pure and Applied Mathematics},
  volume  = {77},
  number  = {4},
  pages   = {2387--2412},
  issn    = {0010-3640, 1097-0312},
  doi     = {10.1002/cpa.22168},
  urldate = {2024-05-09},
  langid  = {english}
}

@article{farrell2019c,
  title   = {{{PCPATCH}}: {{Software}} for the Topological Construction of Multigrid Relaxation Methods.},
  author  = {Farrell, P. E. and Knepley, M. G. and Mitchell, L. and Wechsung, F.},
  year    = {2021},
  journal = {ACM Transactions on Mathematical Software},
  volume  = {47},
  number  = {3},
  pages   = {1--22},
  doi     = {10.1145/3445791}
}

@article{farrellAugmentedLagrangianPreconditioner2019,
  title   = {An {{Augmented Lagrangian Preconditioner}} for the {{3D Stationary Incompressible Navier--Stokes Equations}} at {{High Reynolds Number}}},
  author  = {Farrell, Patrick E. and Mitchell, Lawrence and Wechsung, Florian},
  year    = {2019},
  journal = {SIAM Journal on Scientific Computing},
  volume  = {41},
  number  = {5},
  pages   = {A3073-A3096},
  issn    = {1064-8275, 1095-7197},
  doi     = {10.1137/18M1219370},
  urldate = {2023-11-13},
  langid  = {english}
}

@article{farrellDeflationSemismoothEquations2020,
  title   = {Deflation for Semismooth Equations},
  author  = {Farrell, Patrick E. and Croci, Matteo and Surowiec, Thomas M.},
  year    = {2020},
  journal = {Optimization Methods and Software},
  volume  = {35},
  number  = {6},
  pages   = {1248--1271},
  issn    = {1055-6788, 1029-4937},
  doi     = {10.1080/10556788.2019.1613655},
  urldate = {2023-11-22},
  langid  = {english}
}

@article{farrellIntroductoryNotesNew,
  title  = {Introductory Notes for New Research Students},
  author = {Farrell, Patrick E},
  langid = {english}
}

@article{farrellReynoldsrobustPreconditionerScottVogelius2021,
  title         = {A {{Reynolds-robust}} Preconditioner for the {{Scott-Vogelius}} Discretization of the Stationary Incompressible {{Navier-Stokes}} Equations},
  author        = {Farrell, Patrick E. and Mitchell, Lawrence and Scott, L. Ridgway and Wechsung, Florian},
  year          = {2021},
  journal       = {The SMAI journal of computational mathematics},
  volume        = {7},
  eprint        = {2004.09398},
  primaryclass  = {cs, math},
  pages         = {75--96},
  issn          = {2426-8399},
  doi           = {10.5802/smai-jcm.72},
  urldate       = {2023-12-07},
  archiveprefix = {arXiv},
  langid        = {english},
  keywords      = {65N55 65F08 65N30,G.1.8,Mathematics - Numerical Analysis}
}

@article{farrellReynoldsrobustPreconditionersStationary,
  title  = {Reynolds-Robust Preconditioners for the Stationary Incompressible {{Navier}}--{{Stokes}} and {{MHD}} Equations},
  author = {Farrell, P E and Laakmann, F and Mitchell, L},
  langid = {english}
}

@article{farrellSolvingPDEsFiredrake,
  title  = {Solving {{PDEs}} with {{Firedrake}}: Preliminaries},
  author = {Farrell, Patrick E},
  langid = {english}
}

@misc{FiniteElementExterior,
  title        = {Finite {{Element Exterior Calulus}}},
  urldate      = {2024-04-23},
  howpublished = {https://www.overleaf.com/project/6620d1fef8271dee4d795712},
  langid       = {english}
}

@manual{FiredrakeUserManual,
  title        = {Firedrake User Manual},
  author       = {David A. Ham and Paul H. J. Kelly and Lawrence Mitchell and Colin J. Cotter and Robert C. Kirby and Koki Sagiyama and Nacime Bouziani and Sophia Vorderwuelbecke and Thomas J. Gregory and Jack Betteridge and Daniel R. Shapero and Reuben W. Nixon-Hill and Connor J. Ward and Patrick E. Farrell and Pablo D. Brubeck and India Marsden and Thomas H. Gibson and Miklós Homolya and Tianjiao Sun and Andrew T. T. McRae and Fabio Luporini and Alastair Gregory and Michael Lange and Simon W. Funke and Florian Rathgeber and Gheorghe-Teodor Bercea and Graham R. Markall},
  organization = {Imperial College London and University of Oxford and Baylor University and University of Washington},
  edition      = {First edition},
  year         = {2023},
  month        = {5},
  doi          = {10.25561/104839}
}

@article{fkeundIterativeSolutionLinear,
  title  = {Iterative `{{Solution}} of {{Linear Systems}}},
  author = {Fkeund, Roland W and Golub, Gene H and Nachtigal, Noel M},
  langid = {english}
}

@article{fornbergAccuracyRadialBasis2005,
  title     = {Accuracy of Radial Basis Function Interpolation and Derivative Approximations on 1-{{D}} Infinite Grids},
  author    = {Fornberg, Bengt and Flyer, Natasha},
  year      = {2005},
  journal   = {Advances in Computational Mathematics},
  volume    = {23},
  number    = {1-2},
  pages     = {5--20},
  issn      = {1019-7168, 1572-9044},
  doi       = {10.1007/s10444-004-1812-x},
  urldate   = {2024-07-01},
  copyright = {http://www.springer.com/tdm},
  langid    = {english}
}

@article{fornbergSolvingPDEsRadial2015,
  title     = {Solving {{PDEs}} with Radial Basis Functions},
  author    = {Fornberg, Bengt and Flyer, Natasha},
  year      = {2015},
  journal   = {Acta Numerica},
  volume    = {24},
  pages     = {215--258},
  issn      = {0962-4929, 1474-0508},
  doi       = {10.1017/S0962492914000130},
  urldate   = {2024-07-01},
  copyright = {https://www.cambridge.org/core/terms},
  langid    = {english}
}



@article{franklinTikhonovMethod111Posed,
  title  = {On {{Tikhonov}}'s {{Method}} for 111-{{Posed Problems}}},
  author = {Franklin, Joel N},
  langid = {english}
}

@article{gawlikFiniteElementMethod2022,
  title   = {A Finite Element Method for {{MHD}} That Preserves Energy, Cross-Helicity, Magnetic Helicity, Incompressibility, and Div {{B}} = 0},
  author  = {Gawlik, Evan S. and {Gay-Balmaz}, Fran{\c c}ois},
  year    = {2022},
  journal = {Journal of Computational Physics},
  volume  = {450},
  pages   = {110847},
  issn    = {00219991},
  doi     = {10.1016/j.jcp.2021.110847},
  urldate = {2024-01-25},
  langid  = {english}
}

@article{gazzolaGeneralizedArnoldiTikhonov2014,
  title   = {Generalized {{Arnoldi--Tikhonov Method}} for {{Sparse Reconstruction}}},
  author  = {Gazzola, Silvia and Nagy, James G.},
  year    = {2014},
  journal = {SIAM Journal on Scientific Computing},
  volume  = {36},
  number  = {2},
  pages   = {B225-B247},
  issn    = {1064-8275, 1095-7197},
  doi     = {10.1137/130917673},
  urldate = {2023-04-19},
  langid  = {english}
}

@article{gazzolaKrylovMethodsInverse2020,
  title      = {Krylov Methods for Inverse Problems: {{Surveying}} Classical, and Introducing New, Algorithmic Approaches},
  shorttitle = {Krylov Methods for Inverse Problems},
  author     = {Gazzola, Silvia and Sabat{\'e} Landman, Malena},
  year       = {2020},
  journal    = {GAMM-Mitteilungen},
  volume     = {43},
  number     = {4},
  issn       = {0936-7195, 1522-2608},
  doi        = {10.1002/gamm.202000017},
  urldate    = {2023-04-19},
  langid     = {english}
}

@article{gazzolaKRYLOVPROJECTIONMETHODS,
  title  = {{{ON KRYLOV PROJECTION METHODS AND TIKHONOV REGULARIZATION}}},
  author = {Gazzola, Silvia and Novati, Paolo and Russo, Maria Rosaria},
  pages  = {44},
  langid = {english}
}

@article{gazzolaREGULARIZATIONTECHNIQUESBASED,
  title  = {{REGULARIZATION TECHNIQUES BASED ON KRYLOV SUBSPACE METHODS FOR ILL-POSED LINEAR SYSTEMS}},
  author = {Gazzola, Silvia},
  langid = {italian}
}

@book{georgievNumericalMethodsApplications2023,
  title      = {Numerical {{Methods}} and {{Applications}}: 10th {{International Conference}}, {{NMA}} 2022, {{Borovets}}, {{Bulgaria}}, {{August}} 22--26, 2022, {{Proceedings}}},
  shorttitle = {Numerical {{Methods}} and {{Applications}}},
  editor     = {Georgiev, Ivan and Datcheva, Maria and Georgiev, Krassimir and Nikolov, Geno},
  year       = {2023},
  series     = {Lecture {{Notes}} in {{Computer Science}}},
  volume     = {13858},
  publisher  = {Springer Nature Switzerland},
  address    = {Cham},
  doi        = {10.1007/978-3-031-32412-3},
  urldate    = {2024-06-10},
  copyright  = {https://www.springernature.com/gp/researchers/text-and-data-mining},
  isbn       = {978-3-031-32411-6 978-3-031-32412-3},
  langid     = {english}
}

@book{GerbeauMathematicalmethodsmagnetohydrodynamics2006,
  title     = {Mathematical Methods for the Magnetohydrodynamics of Liquid Metals},
  author    = {Gerbeau, Jean-Fr{\'e}d{\'e}ric and Le Bris, Claude and Leli{\`e}vre, Tony},
  year      = {2006},
  series    = {Oxford Science Publications},
  edition   = {1. publ},
  publisher = {Oxford Univ. Press},
  address   = {Oxford},
  isbn      = {978-0-19-856665-6},
  langid    = {english}
}

@article{gerbeauStabilizedFiniteElement2000,
  title     = {A Stabilized Finite Element Method for the Incompressible Magnetohydrodynamic Equations},
  author    = {Gerbeau, J.-F.},
  year      = {2000},
  journal   = {Numerische Mathematik},
  volume    = {87},
  number    = {1},
  pages     = {83--111},
  issn      = {0029-599X, 0945-3245},
  doi       = {10.1007/s002110000193},
  urldate   = {2024-05-28},
  copyright = {http://www.springer.com/tdm},
  langid    = {english}
}

@article{geshkovskiOBSTACLEPROBLEMSTHEORY,
  title  = {{{OBSTACLE PROBLEMS}}: {{THEORY AND APPLICATIONS}}},
  author = {Geshkovski, Borjan},
  langid = {english}
}

@book{glasman-dealScienceResearchWriting2010,
  title     = {Science Research Writing for Non-Native Speakers of {{English}}},
  author    = {{Glasman-Deal}, Hilary},
  year      = {2010},
  publisher = {Imperial College Press},
  address   = {London ; Hackensack, NJ},
  isbn      = {978-1-84816-309-6 978-1-84816-310-2},
  langid    = {english},
  lccn      = {PE1475 .G57 2010},
  keywords  = {English language,Handbooks manuals etc,Technical English,Technical writing,Textbooks for foreign speakers}
}

@book{glowinskiNumericalAnalysisVariational1981,
  title     = {Numerical Analysis of Variational Inequalities},
  author    = {Glowinski, Roland and Lions, Jacques-Louis and Tr{\'e}moli{\`e}res, Raymond},
  year      = {1981},
  series    = {Studies in Mathematics and Its Applications},
  number    = {v. 8},
  publisher = {{North-Holland Pub. Co. Sole distributors for the U.S.A. and Canada}},
  address   = {Amsterdam New York},
  isbn      = {978-0-444-86199-3},
  langid    = {english},
  lccn      = {515.36}
}

@article{GolubevaInternationalCongressMathematicians2003,
  title   = {International {{Congress}} of {{Mathematicians}}, {{Beijing}}, {{China}}, 20-28 {{August}} 2002},
  author  = {Golubeva, V A and Zhizhchenko, A B and Sergeev, A G},
  year    = {2003},
  journal = {Russian Mathematical Surveys},
  volume  = {58},
  number  = {4},
  pages   = {825--836},
  issn    = {0036-0279, 1468-4829},
  doi     = {10.1070/RM2003v058n04ABEH000664},
  urldate = {2024-03-19},
  langid  = {english}
}

@article{graserMULTIGRIDMETHODSOBSTACLE2024,
  title    = {{{MULTIGRID METHODS FOR OBSTACLE PROBLEMS}}},
  author   = {Gr{\"a}ser, Carsten and Kornhuber, Ralf},
  year     = {2024},
  langid   = {english},
  keywords = {multigrid method,VI}
}

@article{gratschPosterioriErrorEstimation2005,
  title   = {A Posteriori Error Estimation Techniques in Practical Finite Element Analysis},
  author  = {Gr{\"a}tsch, Thomas and Bathe, Klaus-J{\"u}rgen},
  year    = {2005},
  journal = {Computers \& Structures},
  volume  = {83},
  number  = {4-5},
  pages   = {235--265},
  issn    = {00457949},
  doi     = {10.1016/j.compstruc.2004.08.011},
  urldate = {2024-03-26},
  langid  = {english}
}

@misc{grossmannCanPhysicsInformedNeural2023,
  title         = {Can {{Physics-Informed Neural Networks}} Beat the {{Finite Element Method}}?},
  author        = {Grossmann, Tamara G. and Komorowska, Urszula Julia and Latz, Jonas and Sch{\"o}nlieb, Carola-Bibiane},
  year          = {2023},
  number        = {arXiv:2302.04107},
  eprint        = {2302.04107},
  primaryclass  = {cs, math},
  publisher     = {arXiv},
  urldate       = {2024-03-15},
  archiveprefix = {arXiv},
  langid        = {english},
  keywords      = {Computer Science - Machine Learning,Mathematics - Numerical Analysis}
}

@article{gunzburger1991existence,
  title   = {On the existence, uniqueness, and finite element approximation of solutions of the equations of stationary, incompressible magnetohydrodynamics},
  author  = {Gunzburger, Max D and Meir, Amnon J and Peterson, Janet S},
  journal = {Mathematics of Computation},
  volume  = {56},
  number  = {194},
  pages   = {523--563},
  year    = {1991}
}

@article{guoRadialBasisFunction2017,
  title   = {Radial {{Basis Function ENO}} and {{WENO Finite Difference Methods Based}} on the {{Optimization}} of {{Shape Parameters}}},
  author  = {Guo, Jingyang and Jung, Jae-Hun},
  year    = {2017},
  journal = {Journal of Scientific Computing},
  volume  = {70},
  number  = {2},
  pages   = {551--575},
  issn    = {0885-7474, 1573-7691},
  doi     = {10.1007/s10915-016-0257-y},
  urldate = {2024-08-02},
  langid  = {english}
}

@incollection{gutknechtBriefIntroductionKrylov2007,
  title     = {A {{Brief Introduction}} to {{Krylov Space Methods}} for {{Solving Linear Systems}}},
  booktitle = {Frontiers of {{Computational Science}}},
  author    = {Gutknecht, Martin H.},
  editor    = {Kaneda, Yukio and Kawamura, Hiroshi and Sasai, Masaki},
  year      = {2007},
  pages     = {53--62},
  publisher = {Springer Berlin Heidelberg},
  address   = {Berlin, Heidelberg},
  doi       = {10.1007/978-3-540-46375-7_5},
  urldate   = {2022-11-30},
  isbn      = {978-3-540-46373-3 978-3-540-46375-7},
  langid    = {english}
}

@article{GuzmanConformingdivergencefreeStokes2014,
  title   = {Conforming and Divergence-Free {{Stokes}} Elements in Three Dimensions},
  author  = {Guzm\'an, J. and Neilan, M.},
  year    = {2014},
  journal = {IMA Journal of Numerical Analysis},
  volume  = {34},
  number  = {4},
  pages   = {1489--1508},
  issn    = {0272-4979, 1464-3642},
  doi     = {10.1093/imanum/drt053},
  urldate = {2024-05-10},
  langid  = {english}
}

@article{hadamardLecturesCauchyProblem1953,
  title   = {{\emph{Lectures on }}{{{\emph{Cauchy}}}}{\emph{'s }}{{{\emph{Problem}}}}{\emph{ in }}{{{\emph{Linear Partial Differential Equations}}}}},
  author  = {Hadamard, Jacques and Morse, Philip M.},
  year    = {1953},
  journal = {Physics Today},
  volume  = {6},
  number  = {8},
  pages   = {18--18},
  issn    = {0031-9228, 1945-0699},
  doi     = {10.1063/1.3061337},
  urldate = {2023-04-19},
  langid  = {english}
}

@article{hairer2006geometric,
  title   = {Geometric numerical integration},
  author  = {Hairer, Ernst and Hochbruck, Marlis and Iserles, Arieh and Lubich, Christian},
  journal = {Oberwolfach Reports},
  volume  = {3},
  number  = {1},
  pages   = {805--882},
  year    = {2006}
}

@article{hankeLanczosBasedMethods,
  title  = {On {{Lanczos Based Methods}} for the {{Regularization}} of {{Discrete Ill-Posed Problems}}},
  author = {Hanke, Martin},
  pages  = {11},
  langid = {english}
}

@article{hankeMinimalErrorConjugate,
  title  = {The {{Minimal Error Conjugate Gradient Method}} Is a {{Regularization Method}}},
  author = {Hanke, Martin},
  pages  = {12},
  langid = {english}
}

@article{hanotDISCRETEHELICITYDiv,
  title  = {{{DISCRETE HELICITY FOR H}}(Div) {{FIELDS AND CONSERVATIVE FINITE ELEMENT METHODS FOR THE NAVIER-STOKES EQUATION}}},
  author = {Hanot, Marien-Lorenzo and Hu, Kaibo and Zhang, Qian},
  langid = {english}
}

@book{hansenDiscreteInverseProblems2010,
  title      = {Discrete Inverse Problems: Insight and Algorithms},
  shorttitle = {Discrete Inverse Problems},
  author     = {Hansen, Per Christian},
  year       = {2010},
  series     = {Fundamentals of Algorithms},
  publisher  = {{Society for Industrial and Applied Mathematics}},
  address    = {Philadelphia},
  isbn       = {978-0-89871-696-2},
  langid     = {english},
  lccn       = {QA371 .H365 2010},
  keywords   = {Inverse problems (Differential equations)},
  annotation = {OCLC: ocn469915410}
}

@article{hansenPerturbationBoundsDiscrete1989,
  title   = {Perturbation Bounds for Discrete {{Tikhonov}} Regularisation},
  author  = {Hansen, P C},
  year    = {1989},
  journal = {Inverse Problems},
  volume  = {5},
  number  = {4},
  pages   = {L41-L44},
  issn    = {0266-5611, 1361-6420},
  doi     = {10.1088/0266-5611/5/4/002},
  urldate = {2023-04-19},
  langid  = {english}
}

@article{hansenREGULARIZATIONTOOLSMatlab1994,
  title      = {{{REGULARIZATION TOOLS}}: {{A Matlab}} Package for Analysis and Solution of Discrete Ill-Posed Problems},
  shorttitle = {{{REGULARIZATION TOOLS}}},
  author     = {Hansen, Per Christian},
  year       = {1994},
  journal    = {Numerical Algorithms},
  volume     = {6},
  number     = {1},
  pages      = {1--35},
  issn       = {1017-1398, 1572-9265},
  doi        = {10.1007/BF02149761},
  urldate    = {2023-04-19},
  langid     = {english}
}

@article{hansenTutorialKrylovSubspace2014,
  title  = {Tutorial: {{Krylov Subspace Methods}}},
  author = {Hansen, Per Christian},
  year   = {2014},
  langid = {english}
}

@article{heApproximationPropertiesDeep2022,
  title   = {Approximation Properties of Deep {{ReLU CNNs}}},
  author  = {He, Juncai and Li, Lin and Xu, Jinchao},
  year    = {2022},
  journal = {Research in the Mathematical Sciences},
  volume  = {9},
  number  = {3},
  pages   = {38},
  issn    = {2522-0144, 2197-9847},
  doi     = {10.1007/s40687-022-00336-0},
  urldate = {2024-06-03},
  langid  = {english}
}

@article{heGeneralizedGaffneyInequality2019,
  title   = {Generalized {{Gaffney}} Inequality and Discrete Compactness for Discrete Differential Forms},
  author  = {He, Juncai and Hu, Kaibo and Xu, Jinchao},
  year    = {2019},
  journal = {Numerische Mathematik},
  volume  = {143},
  number  = {4},
  pages   = {781--795},
  issn    = {0029-599X, 0945-3245},
  doi     = {10.1007/s00211-019-01076-0},
  urldate = {2024-05-10},
  langid  = {english}
}

@article{hestenesMethodsConjugateGradients,
  title  = {Methods of Conjugate Gradients for Solving Linear Systems},
  author = {Hestenes, M R and Stiefel, E},
  langid = {english}
}

@article{heumannStabilizedGalerkinMethods2013,
  title   = {Stabilized {{Galerkin}} Methods for Magnetic Advection},
  author  = {Heumann, Holger and Hiptmair, Ralf},
  year    = {2013},
  journal = {ESAIM: Mathematical Modelling and Numerical Analysis},
  volume  = {47},
  number  = {6},
  pages   = {1713--1732},
  issn    = {0764-583X, 1290-3841},
  doi     = {10.1051/m2an/2013085},
  urldate = {2024-04-12},
  langid  = {english}
}

@book{highamAccuracyStabilityNumerical2002,
  title     = {Accuracy and Stability of Numerical Algorithms},
  author    = {Higham, Nicholas J.},
  year      = {2002},
  edition   = {2nd ed},
  publisher = {{Society for Industrial and Applied Mathematics}},
  address   = {Philadelphia},
  isbn      = {978-0-89871-521-7},
  langid    = {english},
  lccn      = {QA297 .H53 2002},
  keywords  = {Computer algorithms,Data processing,Numerical analysis}
}
@article{hinchComputationalMethodsFluid,
  title  = {Computational {{Methods}} in {{Fluid Mechanics}}},
  author = {Hinch, John},
  langid = {english}
}

@article{hintermullerObstacleProblemsCohesion2011,
  title      = {Obstacle {{Problems}} with {{Cohesion}}: {{A Hemivariational Inequality Approach}} and {{Its Efficient Numerical Solution}}},
  shorttitle = {Obstacle {{Problems}} with {{Cohesion}}},
  author     = {Hinterm{\"u}ller, M. and Kovtunenko, V. A. and Kunisch, K.},
  year       = {2011},
  journal    = {SIAM Journal on Optimization},
  volume     = {21},
  number     = {2},
  pages      = {491--516},
  issn       = {1052-6234, 1095-7189},
  doi        = {10.1137/10078299},
  urldate    = {2024-02-03},
  langid     = {english}
}

@article{hintermullerSmoothPenaltyApproach2011,
  title   = {A Smooth Penalty Approach and a Nonlinear Multigrid Algorithm for Elliptic {{MPECs}}},
  author  = {Hinterm{\"u}ller, M. and Kopacka, I.},
  year    = {2011},
  journal = {Computational Optimization and Applications},
  volume  = {50},
  number  = {1},
  pages   = {111--145},
  issn    = {0926-6003, 1573-2894},
  doi     = {10.1007/s10589-009-9307-9},
  urldate = {2024-02-03},
  langid  = {english}
}

@article{hiptmair2018fully,
  title     = {A fully divergence-free finite element method for magnetohydrodynamic equations},
  author    = {Hiptmair, Ralf and Li, Lingxiao and Mao, Shipeng and Zheng, Weiying},
  journal   = {Mathematical Models and Methods in Applied Sciences},
  volume    = {28},
  number    = {04},
  pages     = {659--695},
  year      = {2018},
  publisher = {World Scientific}
}

@article{hiptmairAuxiliarySpacePreconditioning2006,
  title    = {Auxiliary Space Preconditioning in {{H}} 0(Curl; {{{\textohm}}})},
  author   = {Hiptmair, R. and Widmer, G. and Zou, J.},
  year     = {2006},
  journal  = {Numerische Mathematik},
  volume   = {103},
  number   = {3},
  pages    = {435--459},
  issn     = {0029-599X, 0945-3245},
  doi      = {10.1007/s00211-006-0683-0},
  urldate  = {2024-03-08},
  langid   = {english},
  keywords = {multigrid method}
}

@article{hiptmairFiniteElementsComputational2002,
  title   = {Finite Elements in Computational Electromagnetism},
  author  = {Hiptmair, R.},
  year    = {2002},
  journal = {Acta Numerica},
  volume  = {11},
  pages   = {237--339},
  issn    = {0962-4929, 1474-0508},
  doi     = {10.1017/S0962492902000041},
  urldate = {2024-01-15},
  langid  = {english}
}

@article{hiptmairMultigridMethodMaxwell1998,
  title    = {Multigrid {{Method}} for {{Maxwell}}'s {{Equations}}},
  author   = {Hiptmair, R.},
  year     = {1998},
  journal  = {SIAM Journal on Numerical Analysis},
  volume   = {36},
  number   = {1},
  pages    = {204--225},
  issn     = {0036-1429, 1095-7170},
  doi      = {10.1137/S0036142997326203},
  urldate  = {2024-03-08},
  langid   = {english},
  keywords = {multigrid method}
}

@misc{holterRobustPreconditioningMonolithically2020,
  title         = {Robust Preconditioning of Monolithically Coupled Multiphysics Problems},
  author        = {Holter, Karl Erik and Kuchta, Miroslav and Mardal, Kent-Andre},
  year          = {2020},
  number        = {arXiv:2001.05527},
  eprint        = {2001.05527},
  primaryclass  = {cs, math},
  publisher     = {arXiv},
  urldate       = {2024-06-10},
  archiveprefix = {arXiv},
  langid        = {english},
  keywords      = {Mathematics - Numerical Analysis}
}

@article{hongRobustMultigridMethod2016,
  title      = {A Robust Multigrid Method for Discontinuous {{Galerkin}} Discretizations of {{Stokes}} and Linear Elasticity Equations},
  author     = {Hong, Qingguo and Kraus, Johannes and Xu, Jinchao and Zikatanov, Ludmil},
  year       = {2016},
  journal    = {Numerische Mathematik},
  volume     = {132},
  number     = {1},
  pages      = {23--49},
  issn       = {0029-599X, 0945-3245},
  doi        = {10.1007/s00211-015-0712-y},
  urldate    = {2024-02-12},
  langid     = {english},
  annotation = {rate: 0}
}

@article{hopf1931abbildungen,
  title     = {{\"U}ber die {A}bbildungen der dreidimensionalen {S}ph{\"a}re auf die {K}ugelfl{\"a}che},
  author    = {Hopf, Heinz},
  journal   = {Mathematische Annalen},
  volume    = {104},
  number    = {1},
  pages     = {637--665},
  year      = {1931},
  publisher = {Springer}
}

@misc{hornigUniversalMagneticHelicity2006,
  title         = {A {{Universal Magnetic Helicity Integral}}},
  author        = {Hornig, Gunnar},
  year          = {2006},
  number        = {arXiv:astro-ph/0606694},
  eprint        = {astro-ph/0606694},
  publisher     = {arXiv},
  urldate       = {2024-03-04},
  archiveprefix = {arXiv},
  langid        = {english},
  keywords      = {Astrophysics}
}

@book{hornTopicsMatrixAnalysis1991,
  title     = {Topics in {{Matrix Analysis}}},
  author    = {Horn, Roger A. and Johnson, Charles R.},
  year      = {1991},
  edition   = {1},
  publisher = {Cambridge University Press},
  doi       = {10.1017/CBO9780511840371},
  urldate   = {2023-11-21},
  isbn      = {978-0-521-30587-7 978-0-521-46713-1 978-0-511-84037-1},
  langid    = {english}
}

@article{HowleBlockpreconditionersfinite2012,
  title     = {Block Preconditioners for Finite Element Discretization of Incompressible Flow with Thermal Convection},
  author    = {Howle, Victoria E. and Kirby, Robert C.},
  year      = {2012},
  journal   = {Numerical Linear Algebra with Applications},
  volume    = {19},
  number    = {2},
  pages     = {427--440},
  issn      = {1070-5325, 1099-1506},
  doi       = {10.1002/nla.1814},
  urldate   = {2024-04-29},
  copyright = {http://onlinelibrary.wiley.com/termsAndConditions\#vor},
  langid    = {english}
}

@article{huangResultsRegularizationLSQR2017,
  title   = {Some Results on the Regularization of {{LSQR}} for Large-Scale Discrete Ill-Posed Problems},
  author  = {Huang, Yi and Jia, ZhongXiao},
  year    = {2017},
  journal = {Science China Mathematics},
  volume  = {60},
  number  = {4},
  pages   = {701--718},
  issn    = {1674-7283, 1869-1862},
  doi     = {10.1007/s11425-015-0568-4},
  urldate = {2023-04-22},
  langid  = {english}
}

@misc{huConvergenceBasedFinite2019,
  title         = {Convergence of a \${{B}}\$-\${{E}}\$ Based Finite Element Method for {{MHD}} Models on {{Lipschitz}} Domains},
  author        = {Hu, Kaibo and Qiu, Weifeng and Shi, Ke},
  year          = {2019},
  number        = {arXiv:1711.11330},
  eprint        = {1711.11330},
  primaryclass  = {math},
  publisher     = {arXiv},
  urldate       = {2023-11-07},
  archiveprefix = {arXiv},
  langid        = {english},
  keywords      = {Mathematics - Numerical Analysis}
}

@article{huFamilyFiniteElement2022,
  title   = {A {{Family}} of {{Finite Element Stokes Complexes}} in {{Three Dimensions}}},
  author  = {Hu, Kaibo and Zhang, Qian and Zhang, Zhimin},
  year    = {2022},
  journal = {SIAM Journal on Numerical Analysis},
  volume  = {60},
  number  = {1},
  pages   = {222--243},
  issn    = {0036-1429, 1095-7170},
  doi     = {10.1137/20M1358700},
  urldate = {2024-05-10},
  langid  = {english}
}

@misc{huFiniteElementApproximations2015,
  title         = {Finite Element Approximations of Symmetric Tensors on Simplicial Grids in {{Rn}}: The High Order Case},
  shorttitle    = {Finite Element Approximations of Symmetric Tensors on Simplicial Grids in {{Rn}}},
  author        = {Hu, Jun},
  year          = {2015},
  number        = {arXiv:1409.7744},
  eprint        = {1409.7744},
  primaryclass  = {math},
  publisher     = {arXiv},
  urldate       = {2024-07-14},
  archiveprefix = {arXiv},
  langid        = {english},
  keywords      = {Mathematics - Numerical Analysis}
}

@article{hughesMultiscaleStabilizedMethods2004,
  title   = {Multiscale and {{Stabilized Methods}}},
  author  = {Hughes, Thomas J and Scovazzi, Guglielmo and Franca, Leopoldo P},
  year    = {2004},
  journal = {ENCYCLOPEDIA OF COMPUTATIONAL MECHANICS},
  langid  = {english}
}

@article{huHelicityconservativeFiniteElement2021,
  title   = {Helicity-Conservative Finite Element Discretization for Incompressible {{MHD}} Systems},
  author  = {Hu, Kaibo and Lee, Young-Ju and Xu, Jinchao},
  year    = {2021},
  journal = {Journal of Computational Physics},
  volume  = {436},
  pages   = {110284},
  issn    = {00219991},
  doi     = {10.1016/j.jcp.2021.110284},
  urldate = {2023-12-24},
  langid  = {english}
}

@article{huSimpleCurlCurlConformingFinite2020,
  title   = {Simple {{Curl-Curl-Conforming Finite Elements}} in {{Two Dimensions}}},
  author  = {Hu, Kaibo and Zhang, Qian and Zhang, Zhimin},
  year    = {2020},
  journal = {SIAM Journal on Scientific Computing},
  volume  = {42},
  number  = {6},
  pages   = {A3859-A3877},
  issn    = {1064-8275, 1095-7197},
  doi     = {10.1137/20M1333390},
  urldate = {2024-05-10},
  langid  = {english}
}

@article{huStableFiniteElement2017,
  title     = {Stable finite element methods preserving {$\nabla\cdot B=0$} exactly for MHD models},
  author    = {Hu, Kaibo and Ma, Yicong and Xu, Jinchao},
  journal   = {Numerische Mathematik},
  volume    = {135},
  number    = {2},
  pages     = {371--396},
  year      = {2017},
  publisher = {Springer}
}

@article{huStructurepreservingFiniteElement2018,
  title   = {Structure-Preserving Finite Element Methods for Stationary {{MHD}} Models},
  author  = {Hu, Kaibo and Xu, Jinchao},
  year    = {2018},
  journal = {Mathematics of Computation},
  volume  = {88},
  number  = {316},
  pages   = {553--581},
  issn    = {0025-5718, 1088-6842},
  doi     = {10.1090/mcom/3341},
  urldate = {2023-11-07},
  langid  = {english}
}

@article{ipsenNotePreconditioningNonsymmetric2001,
  title   = {A {{Note}} on {{Preconditioning Nonsymmetric Matrices}}},
  author  = {Ipsen, Ilse C. F.},
  year    = {2001},
  journal = {SIAM Journal on Scientific Computing},
  volume  = {23},
  number  = {3},
  pages   = {1050--1051},
  issn    = {1064-8275, 1095-7197},
  doi     = {10.1137/S1064827500377435},
  urldate = {2023-11-24},
  langid  = {english}
}

@article{kabanikhinDefinitionsExamplesInverse2008,
  title   = {Definitions and Examples of Inverse and Ill-Posed Problems},
  author  = {Kabanikhin, S. I.},
  year    = {2008},
  journal = {Journal of Inverse and Ill-posed Problems},
  volume  = {16},
  number  = {4},
  issn    = {0928-0219, 1569-3945},
  doi     = {10.1515/JIIP.2008.019},
  urldate = {2023-04-19},
  langid  = {english}
}

@article{kaltenbacherRegularizationProjectionPosteriori2000,
  title   = {Regularization by Projection with {\emph{a Posteriori}} Discretization Level Choice for Linear and Nonlinear Ill-Posed Problems},
  author  = {Kaltenbacher, Barbara},
  year    = {2000},
  journal = {Inverse Problems},
  volume  = {16},
  number  = {5},
  pages   = {1523--1539},
  issn    = {0266-5611, 1361-6420},
  doi     = {10.1088/0266-5611/16/5/322},
  urldate = {2022-11-11},
  langid  = {english}
}

@article{kangRemarksMagneticHelicity2007,
  title   = {Remarks on the Magnetic Helicity and Energy Conservation for Ideal Magneto-Hydrodynamics},
  author  = {Kang, Ensil and Lee, Jihoon},
  year    = {2007},
  journal = {Nonlinearity},
  volume  = {20},
  number  = {11},
  pages   = {2681--2689},
  issn    = {0951-7715, 1361-6544},
  doi     = {10.1088/0951-7715/20/11/011},
  urldate = {2024-06-23},
  langid  = {english}
}

@article{kapitaResearchInterestsBackground,
  title  = {1 {{Research}} Interests and Background},
  author = {Kapita, Shelvean},
  langid = {english}
}

@article{katoStrongLSolutionsNavierStokes1984,
  title   = {{{StrongL}} p -Solutions of the {{Navier-Stokes}} Equation {{inR}} m , with Applications to Weak Solutions},
  author  = {Kato, Tosio},
  year    = {1984},
  journal = {Mathematische Zeitschrift},
  volume  = {187},
  number  = {4},
  pages   = {471--480},
  issn    = {0025-5874, 1432-1823},
  doi     = {10.1007/BF01174182},
  urldate = {2023-09-06},
  langid  = {english}
}

@article{kayPreconditionerSteadyStateNavier2002,
  title   = {A {{Preconditioner}} for the {{Steady-State Navier--Stokes Equations}}},
  author  = {Kay, David and Loghin, Daniel and Wathen, Andrew},
  year    = {2002},
  journal = {SIAM Journal on Scientific Computing},
  volume  = {24},
  number  = {1},
  pages   = {237--256},
  issn    = {1064-8275, 1095-7197},
  doi     = {10.1137/S106482759935808X},
  urldate = {2023-11-20},
  langid  = {english}
}

@misc{keithProximalGalerkinStructurepreserving2023,
  title         = {Proximal {{Galerkin}}: {{A}} Structure-Preserving Finite Element Method for Pointwise Bound Constraints},
  shorttitle    = {Proximal {{Galerkin}}},
  author        = {Keith, Brendan and Surowiec, Thomas M.},
  year          = {2023},
  number        = {arXiv:2307.12444},
  eprint        = {2307.12444},
  primaryclass  = {cs, math},
  publisher     = {arXiv},
  urldate       = {2023-11-22},
  archiveprefix = {arXiv},
  langid        = {english},
  keywords      = {Mathematics - Numerical Analysis,Mathematics - Optimization and Control}
}

@article{kellerConstraintPreconditioningIndefinite2000,
  title   = {Constraint {{Preconditioning}} for {{Indefinite Linear Systems}}},
  author  = {Keller, Carsten and Gould, Nicholas I. M. and Wathen, Andrew J.},
  year    = {2000},
  journal = {SIAM Journal on Matrix Analysis and Applications},
  volume  = {21},
  number  = {4},
  pages   = {1300--1317},
  issn    = {0895-4798, 1095-7162},
  doi     = {10.1137/S0895479899351805},
  urldate = {2024-05-05},
  langid  = {english}
}

@book{kinderlehrerIntroductionVariationalInequalities2000,
  title     = {An {{Introduction}} to {{Variational Inequalities}} and {{Their Applications}}},
  author    = {Kinderlehrer, David and Stampacchia, Guido},
  year      = {2000},
  publisher = {{Society for Industrial and Applied Mathematics}},
  doi       = {10.1137/1.9780898719451},
  urldate   = {2023-11-22},
  isbn      = {978-0-89871-466-1 978-0-89871-945-1},
  langid    = {english}
}

@article{kirbyConvergenceMonolithicMultigrid2024,
  title    = {On the {{Convergence}} of {{Monolithic Multigrid}} for {{Implicit Runge}}--{{Kutta Time Stepping}} of {{Finite Element Problems}}},
  author   = {Kirby, Robert C.},
  year     = {2024},
  journal  = {SIAM Journal on Scientific Computing},
  pages    = {S22-S45},
  issn     = {1064-8275, 1095-7197},
  doi      = {10.1137/23M1569344},
  urldate  = {2024-03-15},
  langid   = {english},
  keywords = {multigrid method,time-stepping}
}

@article{kirbyFunctionalAnalysisIterative2010,
  title   = {From {{Functional Analysis}} to {{Iterative Methods}}},
  author  = {Kirby, Robert C.},
  year    = {2010},
  journal = {SIAM Review},
  volume  = {52},
  number  = {2},
  pages   = {269--293},
  issn    = {0036-1445, 1095-7200},
  doi     = {10.1137/070706914},
  urldate = {2023-09-10},
  langid  = {english}
}

@article{kirbySolverCompositionPDE2018,
  title   = {Solver {{Composition Across}} the {{PDE}}/{{Linear Algebra Barrier}}},
  author  = {Kirby, Robert C. and Mitchell, Lawrence},
  year    = {2018},
  journal = {SIAM Journal on Scientific Computing},
  volume  = {40},
  number  = {1},
  pages   = {C76-C98},
  issn    = {1064-8275, 1095-7197},
  doi     = {10.1137/17M1133208},
  urldate = {2024-04-07},
  langid  = {english}
}

@article{knollJacobianfreeNewtonKrylov2004,
  title      = {Jacobian-Free {{Newton}}--{{Krylov}} Methods: A Survey of Approaches and Applications},
  shorttitle = {Jacobian-Free {{Newton}}--{{Krylov}} Methods},
  author     = {Knoll, D.A. and Keyes, D.E.},
  year       = {2004},
  journal    = {Journal of Computational Physics},
  volume     = {193},
  number     = {2},
  pages      = {357--397},
  issn       = {00219991},
  doi        = {10.1016/j.jcp.2003.08.010},
  urldate    = {2024-04-16},
  copyright  = {https://www.elsevier.com/tdm/userlicense/1.0/},
  langid     = {english}
}

@incollection{kolevAuxiliarySpaceAMG2008,
  title     = {Auxiliary {{Space AMG}} for {{H}}(Curl) {{Problems}}},
  booktitle = {Domain {{Decomposition Methods}} in {{Science}} and {{Engineering XVII}}},
  author    = {Kolev, Tzanio V. and Vassilevski, Panayot S.},
  editor    = {Barth, Timothy J. and Griebel, Michael and Keyes, David E. and Nieminen, Risto M. and Roose, Dirk and Schlick, Tamar and Langer, Ulrich and Discacciati, Marco and Keyes, David E. and Widlund, Olof B. and Zulehner, Walter},
  year      = {2008},
  volume    = {60},
  pages     = {147--154},
  publisher = {Springer Berlin Heidelberg},
  address   = {Berlin, Heidelberg},
  doi       = {10.1007/978-3-540-75199-1_13},
  urldate   = {2024-03-01},
  isbn      = {978-3-540-75198-4 978-3-540-75199-1},
  langid    = {english},
  keywords  = {multigrid method}
}

@article{kornerHowWritePart,
  title  = {How to {{Write}} a {{Part III Essay}}},
  author = {Korner, T W and Hall, Trinity},
  langid = {english}
}

@article{kraus2017variational,
  title   = {Variational integrators for ideal magnetohydrodynamics},
  author  = {Kraus, Michael and Maj, Omar},
  journal = {arXiv preprint arXiv:1707.03227},
  year    = {2017}
}

@book{kressLinearIntegralEquations1989,
  title     = {Linear Integral Equations},
  author    = {Kress, Rainer},
  year      = {1989},
  series    = {Applied Mathematical Sciences},
  number    = {82},
  publisher = {Springer},
  address   = {Berlin Heidelberg},
  isbn      = {978-3-642-97148-8},
  langid    = {english}
}

@article{laakmannAugmentedLagrangianPreconditioner2022,
  title   = {An {{Augmented Lagrangian Preconditioner}} for the {{Magnetohydrodynamics Equations}} at {{High Reynolds}} and {{Coupling Numbers}}},
  author  = {Laakmann, Fabian and Farrell, Patrick E. and Mitchell, Lawrence},
  year    = {2022},
  journal = {SIAM Journal on Scientific Computing},
  volume  = {44},
  number  = {4},
  pages   = {B1018-B1044},
  issn    = {1064-8275, 1095-7197},
  doi     = {10.1137/21M1416539},
  urldate = {2023-10-30},
  langid  = {english}
}

@article{LaakmannStructurepreservinghelicityconservingfinite2023,
  title   = {Structure-Preserving and Helicity-Conserving Finite Element Approximations and Preconditioning for the {{Hall MHD}} Equations},
  author  = {Laakmann, Fabian and Hu, Kaibo and Farrell, Patrick E.},
  year    = {2023},
  journal = {Journal of Computational Physics},
  volume  = {492},
  pages   = {112410},
  issn    = {00219991},
  doi     = {10.1016/j.jcp.2023.112410},
  urldate = {2024-01-07},
  langid  = {english}
}

@article{lauserNewApproachPhase2011,
  title   = {A New Approach for Phase Transitions in Miscible Multi-Phase Flow in Porous Media},
  author  = {Lauser, A. and Hager, C. and Helmig, R. and Wohlmuth, B.},
  year    = {2011},
  journal = {Advances in Water Resources},
  volume  = {34},
  number  = {8},
  pages   = {957--966},
  issn    = {03091708},
  doi     = {10.1016/j.advwatres.2011.04.021},
  urldate = {2023-11-22},
  langid  = {english}
}

@article{layton2008helicity,
  title   = {Helicity and energy conservation and dissipation in approximate deconvolution LES models of turbulence},
  author  = {Layton, William J and Manica, Carolina C and Neda, Monika and Rebholz, Leo G},
  journal = {Advances and Applications in Fluid Mechanics},
  volume  = {4},
  number  = {1},
  pages   = {1--46},
  year    = {2008}
}

@article{leeAccurateEfficientNumerical2017,
  title   = {Accurate and Efficient Numerical Solutions for Elliptic Obstacle Problems},
  author  = {Lee, Philku and Kim, Tai Wan and Kim, Seongjai},
  year    = {2017},
  journal = {Journal of Inequalities and Applications},
  volume  = {2017},
  number  = {1},
  pages   = {34},
  issn    = {1029-242X},
  doi     = {10.1186/s13660-017-1309-z},
  urldate = {2024-02-03},
  langid  = {english}
}

@article{leeSharpConvergenceEstimate2007,
  title    = {A Sharp Convergence Estimate for the Method of Subspace Corrections for Singular Systems of Equations},
  author   = {Lee, Young-Ju and Wu, Jinbiao and Xu, Jinchao and Zikatanov, Ludmil},
  year     = {2007},
  journal  = {Mathematics of Computation},
  volume   = {77},
  number   = {262},
  pages    = {831--851},
  issn     = {0025-5718},
  doi      = {10.1090/S0025-5718-07-02052-2},
  urldate  = {2024-02-06},
  langid   = {english},
  keywords = {multigrid method}
}

@book{lemarieRecentDevelopmentsNavierStokes2002,
  title     = {Recent Developments in the {{Navier-Stokes}} Problem},
  author    = {Lemari{\'e}, Pierre Gilles},
  year      = {2002},
  series    = {Chapman \& {{Hall}}/{{CRC}} Research Notes in Mathematics Series},
  number    = {431},
  publisher = {Chapman \& Hall/CRC},
  address   = {Boca Raton, Fla},
  isbn      = {978-1-58488-220-6},
  langid    = {english},
  lccn      = {QA374 .L39 2002},
  keywords  = {Navier-Stokes equations}
}

@article{levequeParameterRobustPreconditioning2021,
  title   = {Parameter-robust Preconditioning for Unsteady {{Stokes}} Control Problems},
  author  = {Leveque, Santolo and Pearson, John W.},
  year    = {2021},
  journal = {PAMM},
  volume  = {21},
  number  = {1},
  pages   = {e202100131},
  issn    = {1617-7061, 1617-7061},
  doi     = {10.1002/pamm.202100131},
  urldate = {2023-11-30},
  langid  = {english}
}

@article{lichtComplexesDiscreteDistributional2017,
  title   = {Complexes of {{Discrete Distributional Differential Forms}} and {{Their Homology Theory}}},
  author  = {Licht, Martin Werner},
  year    = {2017},
  journal = {Foundations of Computational Mathematics},
  volume  = {17},
  number  = {4},
  pages   = {1085--1122},
  issn    = {1615-3375, 1615-3383},
  doi     = {10.1007/s10208-016-9315-y},
  urldate = {2024-06-20},
  langid  = {english}
}

@article{LichtComplexesDiscreteDistributional2017a,
  title   = {Complexes of {{Discrete Distributional Differential Forms}} and {{Their Homology Theory}}},
  author  = {Licht, Martin Werner},
  year    = {2017},
  journal = {Foundations of Computational Mathematics},
  volume  = {17},
  number  = {4},
  pages   = {1085--1122},
  issn    = {1615-3375, 1615-3383},
  doi     = {10.1007/s10208-016-9315-y},
  urldate = {2024-09-02},
  langid  = {english}
}

@article{liDPGMethodPlanar2024,
  title   = {A {{DPG}} Method for Planar Div-Curl Problems},
  author  = {Li, Jiaqi and Demkowicz, Leszek},
  year    = {2024},
  journal = {Computers \& Mathematics with Applications},
  volume  = {159},
  pages   = {31--43},
  issn    = {08981221},
  doi     = {10.1016/j.camwa.2024.01.023},
  urldate = {2024-02-08},
  langid  = {english}
}

@book{liesenKrylovSubspaceMethods2013,
  title      = {Krylov Subspace Methods: Principles and Analysis},
  shorttitle = {Krylov Subspace Methods},
  author     = {Liesen, J{\"o}rg and Strako{\v s}, Zden{\v e}k},
  year       = {2013},
  series     = {Numerical Mathematics and Scientific Computation},
  edition    = {1st ed},
  publisher  = {Oxford University Press},
  address    = {Oxford},
  isbn       = {978-0-19-965541-0},
  langid     = {english},
  lccn       = {QA188 .L547 2013},
  keywords   = {Sparse matrices},
  annotation = {OCLC: ocn806491432}
}

@article{limacheViolationObjectivityLaplace2007,
  title   = {The Violation of Objectivity in {{Laplace}} Formulations of the {{Navier}}--{{Stokes}} Equations},
  author  = {Limache, A. and Idelsohn, S. and Rossi, R. and O{\~n}ate, E.},
  year    = {2007},
  journal = {International Journal for Numerical Methods in Fluids},
  volume  = {54},
  number  = {6-8},
  pages   = {639--664},
  issn    = {0271-2091, 1097-0363},
  doi     = {10.1002/fld.1480},
  urldate = {2023-10-13},
  langid  = {english}
}

@article{LiNoteEigenvaluesPerturbed,
  title  = {A {{Note}} on {{Eigenvalues}} of {{Perturbed Hermitian Matrices}}},
  author = {Li, Chi-Kwong and Li, Ren-Cang},
  langid = {english}
}

@article{liu2004energy,
  title     = {Energy and helicity preserving schemes for hydro-and magnetohydro-dynamics flows with symmetry},
  author    = {Liu, Jian-Guo and Wang, Wei-Cheng},
  journal   = {Journal of Computational Physics},
  volume    = {200},
  number    = {1},
  pages     = {8--33},
  year      = {2004},
  publisher = {Elsevier}
}

@misc{liuObtainingPseudoinverseSolutions2024,
  title         = {Obtaining {{pseudo-inverse solutions with MINRES}}},
  author        = {Liu, Yang and Milzarek, Andre and Roosta, Fred},
  year          = {2024},
  number        = {arXiv:2309.17096},
  eprint        = {2309.17096},
  primaryclass  = {cs, math},
  publisher     = {arXiv},
  urldate       = {2024-02-27},
  archiveprefix = {arXiv},
  langid        = {english},
  keywords      = {Mathematics - Numerical Analysis}
}

@article{liuSimpleFiniteElement2000,
  title   = {Simple Finite Element Method in Vorticity Formulation for Incompressible Flows},
  author  = {Liu, Jian-Guo and E, Weinan},
  year    = {2000},
  journal = {Mathematics of Computation},
  volume  = {70},
  number  = {234},
  pages   = {579--594},
  issn    = {0025-5718},
  doi     = {10.1090/S0025-5718-00-01239-4},
  urldate = {2024-08-01},
  langid  = {english}
}

@article{loghinAnalysisPreconditionersSaddlePoint2004,
  title   = {Analysis of {{Preconditioners}} for {{Saddle-Point Problems}}},
  author  = {Loghin, D. and Wathen, A. J.},
  year    = {2004},
  journal = {SIAM Journal on Scientific Computing},
  volume  = {25},
  number  = {6},
  pages   = {2029--2049},
  issn    = {1064-8275, 1095-7197},
  doi     = {10.1137/S1064827502418203},
  urldate = {2023-11-16},
  langid  = {english}
}

@article{longbottom1998magnetic,
  title     = {Magnetic flux braiding: force-free equilibria and current sheets},
  author    = {Longbottom, AW and Rickard, GJ and Craig, I. J. D. and Sneyd, A. D.},
  journal   = {The Astrophysical Journal},
  volume    = {500},
  number    = {1},
  pages     = {471},
  year      = {1998},
  publisher = {IOP Publishing}
}

@article{longErrorAnalysisConservative2023,
  title   = {Error Analysis of a Conservative Finite Element Scheme for Time-Dependent Inductionless {{MHD}} Problem},
  author  = {Long, Xiaonian and Ding, Qianqian and Mao, Shipeng},
  year    = {2023},
  journal = {Journal of Computational and Applied Mathematics},
  volume  = {419},
  pages   = {114728},
  issn    = {03770427},
  doi     = {10.1016/j.cam.2022.114728},
  urldate = {2024-06-04},
  langid  = {english}
}

@article{lowPARKERMAGNETOSTATICTHEOREM2010,
  title   = {{{THE PARKER MAGNETOSTATIC THEOREM}}},
  author  = {Low, B. C.},
  year    = {2010},
  journal = {The Astrophysical Journal},
  volume  = {718},
  number  = {2},
  pages   = {717--723},
  issn    = {0004-637X, 1538-4357},
  doi     = {10.1088/0004-637X/718/2/717},
  urldate = {2024-05-30},
  langid  = {english}
}

@article{luo2014toward,
  title     = {Toward the finite-time blowup of the 3D axisymmetric Euler equations: a numerical investigation},
  author    = {Luo, Guo and Hou, Thomas Y},
  journal   = {Multiscale Modeling \& Simulation},
  volume    = {12},
  number    = {4},
  pages     = {1722--1776},
  year      = {2014},
  publisher = {SIAM}
}

@misc{luoAcceleratedPrimaldualMethods2022,
  title         = {Accelerated Primal-Dual Methods for Linearly Constrained Convex Optimization Problems},
  author        = {Luo, Hao},
  year          = {2022},
  number        = {arXiv:2109.12604},
  eprint        = {2109.12604},
  primaryclass  = {math},
  publisher     = {arXiv},
  urldate       = {2024-07-09},
  archiveprefix = {arXiv},
  langid        = {english},
  keywords      = {37N40 65B99 65K05 90C25,Mathematics - Optimization and Control}
}

@article{luoDifferentialEquationSolvers2022,
  title      = {From Differential Equation Solvers to Accelerated First-Order Methods for Convex Optimization},
  author     = {Luo, Hao and Chen, Long},
  year       = {2022},
  journal    = {Mathematical Programming},
  volume     = {195},
  number     = {1-2},
  pages      = {735--781},
  issn       = {0025-5610, 1436-4646},
  doi        = {10.1007/s10107-021-01713-3},
  urldate    = {2023-04-21},
  langid     = {english},
  keywords   = {optimisation},
  annotation = {rate: 4}
}

@article{mactaggart2019magnetic,
  title     = {Magnetic helicity in multiply connected domains},
  author    = {MacTaggart, David and Valli, Alberto},
  journal   = {Journal of Plasma Physics},
  volume    = {85},
  number    = {5},
  pages     = {775850501},
  year      = {2019},
  publisher = {Cambridge University Press}
}

@article{MaFASTSOLVERSINCOMPRESSIBLE,
  title  = {{{FAST SOLVERS FOR INCOMPRESSIBLE MHD SYSTEMS}}},
  author = {Ma, Yicong},
  langid = {english}
}

@article{mandelBlockDiagonalSchur1990,
  title     = {On Block Diagonal and {{Schur}} Complement Preconditioning},
  author    = {Mandel, Jan},
  year      = {1990},
  journal   = {Numerische Mathematik},
  volume    = {58},
  number    = {1},
  pages     = {79--93},
  issn      = {0029-599X, 0945-3245},
  doi       = {10.1007/BF01385611},
  urldate   = {2024-05-26},
  copyright = {http://www.springer.com/tdm},
  langid    = {english}
}

@article{MardalOrderOptimalPreconditionersImplicit2007,
  title   = {Order-{{Optimal Preconditioners}} for {{Implicit Runge}}--{{Kutta Schemes Applied}} to {{Parabolic PDEs}}},
  author  = {Mardal, K.-A. and Nilssen, T. K. and Staff, G. A.},
  year    = {2007},
  journal = {SIAM Journal on Scientific Computing},
  volume  = {29},
  number  = {1},
  pages   = {361--375},
  issn    = {1064-8275, 1095-7197},
  doi     = {10.1137/05064093X},
  urldate = {2024-09-09},
  langid  = {english}
}

@article{MardalPreconditioningdiscretizationssystems2011,
  title   = {Preconditioning Discretizations of Systems of Partial Differential Equations},
  author  = {Mardal, Kent-Andre and Winther, Ragnar},
  year    = {2011},
  journal = {Numerical Linear Algebra with Applications},
  volume  = {18},
  number  = {1},
  pages   = {1--40},
  issn    = {10705325},
  doi     = {10.1002/nla.716},
  urldate = {2023-09-13},
  langid  = {english}
}

@article{MaRobustpreconditionersincompressible2016,
  title   = {Robust Preconditioners for Incompressible {{MHD}} Models},
  author  = {Ma, Yicong and Hu, Kaibo and Hu, Xiaozhe and Xu, Jinchao},
  year    = {2016},
  journal = {Journal of Computational Physics},
  volume  = {316},
  pages   = {721--746},
  issn    = {00219991},
  doi     = {10.1016/j.jcp.2016.04.019},
  urldate = {2023-11-07},
  langid  = {english}
}

@article{mcgreivyWeakBaselinesReporting,
  title  = {Weak Baselines and Reporting Biases Lead to Overoptimism in Machine Learning for Fluid-Related Partial Differential Equations},
  author = {McGreivy, Nick and Hakim, Ammar},
  langid = {english}
}

@article{melePreconditioningLinearSystems,
  title  = {Preconditioning for Linear Systems},
  author = {Mele, Giampaolo and Ringh, Emil and Ek, David and Izzo, Federico and Upadhyaya, Parikshit and Jarlebring, Elias},
  pages  = {283},
  langid = {english}
}

@article{metschAlgeBraicMultigrid,
  title  = {Alge Braic {{Multigrid}} ({{AMG}}) for {{Saddle Point Systems}}},
  author = {Metsch, Bram},
  langid = {english}
}

@article{MistrangeloMHDflowliquid2021,
  title      = {{{MHD}} Flow in Liquid Metal Blankets: {{Major}} Design Issues, {{MHD}} Guidelines and Numerical Analysis},
  shorttitle = {{{MHD}} Flow in Liquid Metal Blankets},
  author     = {Mistrangelo, C. and B{\"u}hler, L. and Smolentsev, S. and Kl{\"u}ber, V. and Maione, I. and Aubert, J.},
  year       = {2021},
  journal    = {Fusion Engineering and Design},
  volume     = {173},
  pages      = {112795},
  issn       = {09203796},
  doi        = {10.1016/j.fusengdes.2021.112795},
  urldate    = {2024-08-30},
  langid     = {english}
}

@article{moffatt1969degree,
  title     = {The degree of knottedness of tangled vortex lines},
  author    = {Moffatt, Henry Keith},
  journal   = {Journal of Fluid Mechanics},
  volume    = {35},
  number    = {1},
  pages     = {117--129},
  year      = {1969},
  publisher = {Cambridge University Press}
}

@article{moffatt1981some,
  title     = {Some developments in the theory of turbulence},
  author    = {Moffatt, HK},
  journal   = {Journal of Fluid Mechanics},
  volume    = {106},
  pages     = {27--47},
  year      = {1981},
  publisher = {Cambridge University Press}
}

@article{moffatt2021some,
  title     = {Some topological aspects of fluid dynamics},
  author    = {Moffatt, HK},
  journal   = {Journal of Fluid Mechanics},
  volume    = {914},
  pages     = {P1},
  year      = {2021},
  publisher = {Cambridge University Press}
}

@article{moffattHELlCITYLAMINARTURBULENT,
  title  = {{{HELlCITY IN LAMINAR AND TURBULENT FLOW}}},
  author = {Moffatt, H K},
  langid = {english}
}

@article{moffattMagnetostaticEquilibriaAnalogous1985,
  title   = {Magnetostatic Equilibria and Analogous {{Euler}} Flows of Arbitrarily Complex Topology. {{Part}} 1. {{Fundamentals}}},
  author  = {Moffatt, H. K.},
  year    = {1985},
  journal = {Journal of Fluid Mechanics},
  volume  = {159},
  number  = {-1},
  pages   = {359},
  issn    = {0022-1120, 1469-7645},
  doi     = {10.1017/S0022112085003251},
  urldate = {2024-06-19},
  langid  = {english}
}

@article{moffattMagnetostaticEquilibriaAnalogous1986,
  title   = {Magnetostatic Equilibria and Analogous {{Euler}} Flows of Arbitrarily Complex Topology. {{Part}} 2. {{Stability}} Considerations},
  author  = {Moffatt, H. K.},
  year    = {1986},
  journal = {Journal of Fluid Mechanics},
  volume  = {166},
  number  = {-1},
  pages   = {359},
  issn    = {0022-1120, 1469-7645},
  doi     = {10.1017/S0022112086000198},
  urldate = {2024-06-20},
  langid  = {english}
}

@article{moffattTopologicalAspectsFluid2021,
  title   = {Some Topological Aspects of Fluid Dynamics},
  author  = {Moffatt, H.K.},
  year    = {2021},
  journal = {Journal of Fluid Mechanics},
  volume  = {914},
  pages   = {P1},
  issn    = {0022-1120, 1469-7645},
  doi     = {10.1017/jfm.2020.230},
  urldate = {2024-07-31},
  langid  = {english}
}

@article{moreau1961constantes,
  title   = {Constantes d'un {\^\i}lot tourbillonnaire en fluide parfait barotrope},
  author  = {Moreau, Jean Jacques},
  journal = {Comptes rendus hebdomadaires des s{\'e}ances de l'Acad{\'e}mie des sciences},
  volume  = {252},
  pages   = {2810--2812},
  year    = {1961}
}

@article{moulinAugmentedLagrangianPreconditioner2019,
  title   = {Augmented {{Lagrangian}} Preconditioner for Large-Scale Hydrodynamic Stability Analysis},
  author  = {Moulin, Johann and Jolivet, Pierre and Marquet, Olivier},
  year    = {2019},
  journal = {Computer Methods in Applied Mechanics and Engineering},
  volume  = {351},
  pages   = {718--743},
  issn    = {00457825},
  doi     = {10.1016/j.cma.2019.03.052},
  urldate = {2024-05-26},
  langid  = {english}
}

@article{MultiLevelAdaptiveSolutions,
  title  = {Multi-{{Level Adaptive Solutions}} to {{Boundary-Value Problems}}},
  langid = {english}
}

@article{murphyNotePreconditioningIndefinite2000,
  title   = {A {{Note}} on {{Preconditioning}} for {{Indefinite Linear Systems}}},
  author  = {Murphy, Malcolm F. and Golub, Gene H. and Wathen, Andrew J.},
  year    = {2000},
  journal = {SIAM Journal on Scientific Computing},
  volume  = {21},
  number  = {6},
  pages   = {1969--1972},
  issn    = {1064-8275, 1095-7197},
  doi     = {10.1137/S1064827599355153},
  urldate = {2023-10-29},
  langid  = {english}
}

@article{nagySteepestDescentCG2003,
  title   = {Steepest {{Descent}}, {{CG}}, and {{Iterative Regularization}} of {{Ill-Posed Problems}}},
  author  = {Nagy, J. G. and Palmer, K. M.},
  year    = {2003},
  journal = {BIT Numerical Mathematics},
  volume  = {43},
  number  = {5},
  pages   = {1003--1017},
  issn    = {0006-3835},
  doi     = {10.1023/B:BITN.0000014546.51341.53},
  urldate = {2023-04-19},
  langid  = {english}
}

@article{nakatsukasaAAAAlgorithmRational2018,
  title   = {The {{AAA Algorithm}} for {{Rational Approximation}}},
  author  = {Nakatsukasa, Yuji and S{\`e}te, Olivier and Trefethen, Lloyd N.},
  year    = {2018},
  journal = {SIAM Journal on Scientific Computing},
  volume  = {40},
  number  = {3},
  pages   = {A1494-A1522},
  issn    = {1064-8275, 1095-7197},
  doi     = {10.1137/16M1106122},
  urldate = {2024-05-29},
  langid  = {english}
}

@article{nakatsukasaC6NumericalLinear,
  title  = {C6.1 {{Numerical Linear Algebra}}},
  author = {Nakatsukasa, Yuji},
  langid = {english}
}

@article{nattererFiniteElementMethod1977,
  title   = {The Finite Element Method for Ill-Posed Problems},
  author  = {Natterer, Frank},
  year    = {1977},
  journal = {RAIRO. Analyse num{\'e}rique},
  volume  = {11},
  number  = {3},
  pages   = {271--278},
  issn    = {0399-0516},
  doi     = {10.1051/m2an/1977110302711},
  urldate = {2023-04-19},
  langid  = {english}
}

@article{nedelec1-0,
  author  = {N\'ed\'elec, Jean-Claude},
  title   = {Mixed finite elements in \(\mathbb{R}^3\)},
  journal = {Numerische Mathematik},
  volume  = {35},
  number  = {3},
  year    = {1980},
  doi     = {10.1007/BF01396415},
  pages   = {{315--341}}
}



@book{NumericalMethodsNonlinear1984,
  title     = {Numerical {{Methods}} for {{Nonlinear Variational Problems}}},
  year      = {1984},
  series    = {Scientific {{Computation}}},
  publisher = {Springer Berlin Heidelberg},
  address   = {Berlin, Heidelberg},
  doi       = {10.1007/978-3-540-77801-1},
  urldate   = {2023-11-28},
  isbn      = {978-3-540-77506-5 978-3-540-77801-1},
  langid    = {english}
}

@article{ohmMonolithicAlgebraicMultigrid2022,
  title   = {A Monolithic Algebraic Multigrid Framework for Multiphysics Applications with Examples from Resistive {{MHD}}},
  author  = {Ohm, Peter and Wiesner, Tobias A. and Cyr, Eric C. and Hu, Jonathan J. and Shadid, John N. and Tuminaro, Raymond S.},
  year    = {2022},
  journal = {ETNA - Electronic Transactions on Numerical Analysis},
  volume  = {55},
  pages   = {365--390},
  issn    = {1068-9613, 1068-9613},
  doi     = {10.1553/etna_vol55s365},
  urldate = {2024-03-30},
  langid  = {english}
}

@article{olshanskii2010note,
  title     = {Note on helicity balance of the Galerkin method for the 3D Navier--Stokes equations},
  author    = {Olshanskii, Maxim and Rebholz, Leo G},
  journal   = {Computer Methods in Applied Mechanics and Engineering},
  volume    = {199},
  number    = {17-20},
  pages     = {1032--1035},
  year      = {2010},
  publisher = {Elsevier}
}

@article{orozcoNumericalAnalysisImplicitly,
  title  = {Numerical {{Analysis}} of {{Implicitly Constituted Incompressible Fluids}}},
  author = {Orozco, Pablo Alexei Gazca},
  langid = {english}
}

@book{overtonNumericalComputingIEEE2001,
  title      = {Numerical Computing with {{IEEE}} Floating Point Arithmetic: Including One Theorem, One Rule of Thumb, and One Hundred and One Exercises},
  shorttitle = {Numerical Computing with {{IEEE}} Floating Point Arithmetic},
  author     = {Overton, Michael L.},
  year       = {2001},
  publisher  = {{SIAM, Society for Industrial and Applied Mathematics}},
  address    = {Philadelphia, PA},
  isbn       = {978-0-89871-571-2},
  langid     = {english}
}

@phdthesis{PagliantiniComputationalMagnetohydrodynamicsDiscrete2016,
  title        = {Computational {{Magnetohydrodynamics}} with {{Discrete Differential Forms}}},
  author       = {Pagliantini, Cecilia},
  year         = {2016},
  pages        = {1 Band},
  doi          = {10.3929/ETHZ-A-010722079},
  urldate      = {2024-04-15},
  collaborator = {{Ayuso de Dios, Blanca} and {Mishra, Siddhartha} and {Hiptmair, Ralf}},
  copyright    = {http://rightsstatements.org/page/InC-NC/1.0/, info:eu-repo/semantics/openAccess},
  langid       = {english},
  school       = {[object Object]},
  keywords     = {AUSSERE DIFFERENTIALFORMEN AUF MANNIGFALTIGKEITEN (DIFFERENTIALGEOMETRIE),COMPUTATIONAL FLUID DYNAMICS (FLUID MECHANICS),COMPUTATIONAL FLUID DYNAMICS (FLUIDMECHANIK),EXTERIOR DIFFERENTIAL FORMS ON MANIFOLDS (DIFFERENTIAL GEOMETRY),FOS: Mathematics,info:eu-repo/classification/ddc/510,info:eu-repo/classification/ddc/530,MAGNETOHYDRODYNAMICS,MAGNETOHYDRODYNAMIK,Mathematics,NUMERICAL METHODS IN PHYSICS (NUMERICAL MATHEMATICS),NUMERISCHE METHODEN IN DER PHYSIK (NUMERISCHE MATHEMATIK),Physics}
}

@article{paigeLSQRAlgorithmSparse1982,
  title      = {{{LSQR}}: {{An Algorithm}} for {{Sparse Linear Equations}} and {{Sparse Least Squares}}},
  shorttitle = {{{LSQR}}},
  author     = {Paige, Christopher C. and Saunders, Michael A.},
  year       = {1982},
  journal    = {ACM Transactions on Mathematical Software},
  volume     = {8},
  number     = {1},
  pages      = {43--71},
  issn       = {0098-3500, 1557-7295},
  doi        = {10.1145/355984.355989},
  urldate    = {2023-04-19},
  langid     = {english}
}

@article{papadopoulosComputingMultipleSolutions2021,
  title   = {Computing {{Multiple Solutions}} of {{Topology Optimization Problems}}},
  author  = {Papadopoulos, Ioannis P. A. and Farrell, Patrick E. and Surowiec, Thomas M.},
  year    = {2021},
  journal = {SIAM Journal on Scientific Computing},
  volume  = {43},
  number  = {3},
  pages   = {A1555-A1582},
  issn    = {1064-8275, 1095-7197},
  doi     = {10.1137/20M1326209},
  urldate = {2024-04-06},
  langid  = {english}
}

@article{parker1972topological,
  title   = {Topological dissipation and the small-scale fields in turbulent gases},
  author  = {Parker, EN},
  journal = {Astrophysical Journal, vol. 174, p. 499},
  volume  = {174},
  pages   = {499},
  year    = {1972}
}

@article{parker1972topological,
  title   = {Topological dissipation and the small-scale fields in turbulent gases},
  author  = {Parker, EN},
  journal = {Astrophysical Journal, vol. 174, p. 499},
  volume  = {174},
  pages   = {499},
  year    = {1972}
}

@book{parkerSpontaneousCurrentSheets1994,
  title      = {Spontaneous Current Sheets in Magnetic Fields: With Applications to Stellar x-Rays},
  shorttitle = {Spontaneous Current Sheets in Magnetic Fields},
  author     = {Parker, E. N.},
  year       = {1994},
  series     = {International Series on Astronomy and Astrophysics},
  number     = {1},
  publisher  = {Oxford University Press},
  address    = {New York},
  isbn       = {978-0-19-507371-3},
  langid     = {english},
  lccn       = {QB529 .P36 1994},
  keywords   = {Corona,Cosmic magnetic fields,Magnetostatics,Solar x-rays,Sun}
}

@article{parkerTopologicalDissipationSmallScale1972,
  title   = {Topological {{dissipation}} and the {{small-scale fields}} in {{turbulent gases}}},
  author  = {Parker, E. N.},
  year    = {1972},
  journal = {The Astrophysical Journal},
  volume  = {174},
  pages   = {499},
  issn    = {0004-637X, 1538-4357},
  doi     = {10.1086/151512},
  urldate = {2024-05-30},
  langid  = {english}
}

@article{patePhysicalActivityPublic1995,
  title      = {Physical {{Activity}} and {{Public Health}}: {{A Recommendation From}} the {{Centers}} for {{Disease Control}} and {{Prevention}} and the {{American College}} of {{Sports Medicine}}},
  shorttitle = {Physical {{Activity}} and {{Public Health}}},
  author     = {Pate, Russell R. and Pratt, Michael and Blair, Steven N. and Haskell, William L. and Macera, Caroline A. and Bouchard, Claude and Buchner, David and Ettinger, Walter and Heath, Gregory W. and King, Abby C. and Kriska, Andrea and Leon, Arthur S. and Marcus, Bess H. and Morris, Jeremy and Paffenbarger, Jr, Ralph S. and Patrick, Kevin and Pollock, Michael L. and Rippe, James M. and Sallis, James and Wilmore, Jack H.},
  year       = {1995},
  journal    = {JAMA},
  volume     = {273},
  number     = {5},
  pages      = {402--407},
  issn       = {0098-7484},
  doi        = {10.1001/jama.1995.03520290054029},
  urldate    = {2024-01-15}
}

@article{pearsonFastIterativeSolvers,
  title  = {Fast {{Iterative Solvers}} for {{PDE-Constrained Optimization Problems}}},
  author = {Pearson, John and College, Worcester},
  langid = {english}
}

@article{pearsonNewApproximationSchur2012,
  title   = {A New Approximation of the {{Schur}} Complement in Preconditioners for {{PDE}}-constrained Optimization},
  author  = {Pearson, John W. and Wathen, Andrew J.},
  year    = {2012},
  journal = {Numerical Linear Algebra with Applications},
  volume  = {19},
  number  = {5},
  pages   = {816--829},
  issn    = {1070-5325, 1099-1506},
  doi     = {10.1002/nla.814},
  urldate = {2023-10-13},
  langid  = {english}
}

@article{pearsonPreconditionedIterativeMethods2015,
  title   = {Preconditioned Iterative Methods for {{Navier}}--{{Stokes}} Control Problems},
  author  = {Pearson, John W.},
  year    = {2015},
  journal = {Journal of Computational Physics},
  volume  = {292},
  pages   = {194--207},
  issn    = {00219991},
  doi     = {10.1016/j.jcp.2015.03.029},
  urldate = {2023-11-30},
  langid  = {english}
}

@article{pearsonPreconditionersKrylovSubspace2020,
  title      = {Preconditioners for {{Krylov}} Subspace Methods: {{An}} Overview},
  shorttitle = {Preconditioners for {{Krylov}} Subspace Methods},
  author     = {Pearson, John W. and Pestana, Jennifer},
  year       = {2020},
  journal    = {GAMM-Mitteilungen},
  volume     = {43},
  number     = {4},
  issn       = {0936-7195, 1522-2608},
  doi        = {10.1002/gamm.202000015},
  urldate    = {2023-04-19},
  langid     = {english},
  keywords   = {preconditioning},
  annotation = {rate: 4}
}

@misc{pearsonSymmetricPositiveDefinite2023,
  title         = {On {{Symmetric Positive Definite Preconditioners}} for {{Multiple Saddle-Point Systems}}},
  author        = {Pearson, John W. and Potschka, Andreas},
  year          = {2023},
  number        = {arXiv:2106.12433},
  eprint        = {2106.12433},
  primaryclass  = {cs, math},
  publisher     = {arXiv},
  urldate       = {2023-11-30},
  archiveprefix = {arXiv},
  langid        = {english},
  keywords      = {65F08 65F10 65N99 49M41,Mathematics - Numerical Analysis}
}

@article{pestanaNaturalPreconditioningIterative2015,
  title   = {Natural {{Preconditioning}} and {{Iterative Methods}} for {{Saddle Point Systems}}},
  author  = {Pestana, Jennifer and Wathen, Andrew J.},
  year    = {2015},
  journal = {SIAM Review},
  volume  = {57},
  number  = {1},
  pages   = {71--91},
  issn    = {0036-1445, 1095-7200},
  doi     = {10.1137/130934921},
  urldate = {2023-11-21},
  langid  = {english}
}

@techreport{petsc-user-ref,
  author      = {Satish Balay and Shrirang Abhyankar and Mark~F. Adams and Steven Benson and Jed
                 Brown and Peter Brune and Kris Buschelman and Emil Constantinescu and Lisandro
                 Dalcin and Alp Dener and Victor Eijkhout and Jacob Faibussowitsch and William~D.
                 Gropp and V\'{a}clav Hapla and Tobin Isaac and Pierre Jolivet and Dmitry Karpeev
                 and Dinesh Kaushik and Matthew~G. Knepley and Fande Kong and Scott Kruger and
                 Dave~A. May and Lois Curfman McInnes and Richard Tran Mills and Lawrence Mitchell
                 and Todd Munson and Jose~E. Roman and Karl Rupp and Patrick Sanan and Jason Sarich
                 and Barry~F. Smith and Hansol Suh and Stefano Zampini and Hong Zhang and Hong Zhang
                 and Junchao Zhang},
  title       = {{PETSc/TAO} Users Manual},
  institution = {Argonne National Laboratory},
  number      = {ANL-21/39 - Revision 3.22},
  doi         = {10.2172/2205494},
  year        = {2024}
}

@article{pontinParkerProblemExistence2020,
  title      = {The {{Parker}} Problem: existence of Smooth Force-Free Fields and Coronal Heating},
  shorttitle = {The {{Parker}} Problem},
  author     = {Pontin, David I. and Hornig, Gunnar},
  year       = {2020},
  journal    = {Living Reviews in Solar Physics},
  volume     = {17},
  number     = {1},
  pages      = {5},
  issn       = {2367-3648, 1614-4961},
  doi        = {10.1007/s41116-020-00026-5},
  urldate    = {2024-01-09},
  langid     = {english}
}

@article{raissiPhysicsinformedNeuralNetworks2019,
  title      = {Physics-Informed Neural Networks: {{A}} Deep Learning Framework for Solving Forward and Inverse Problems Involving Nonlinear Partial Differential Equations},
  shorttitle = {Physics-Informed Neural Networks},
  author     = {Raissi, M. and Perdikaris, P. and Karniadakis, G.E.},
  year       = {2019},
  journal    = {Journal of Computational Physics},
  volume     = {378},
  pages      = {686--707},
  issn       = {00219991},
  doi        = {10.1016/j.jcp.2018.10.045},
  urldate    = {2023-12-05},
  langid     = {english}
}

@article{rappazzoCURRENTSHEETSFORMATION2013,
  title     = {{{CURRENT SHEETS FORMATION IN TANGLED CORONAL MAGNETIC FIELDS}}},
  author    = {Rappazzo, A. F. and Parker, E. N.},
  year      = {2013},
  journal   = {The Astrophysical Journal},
  volume    = {773},
  number    = {1},
  pages     = {L2},
  issn      = {2041-8205, 2041-8213},
  doi       = {10.1088/2041-8205/773/1/L2},
  urldate   = {2024-05-30},
  copyright = {http://iopscience.iop.org/info/page/text-and-data-mining},
  langid    = {english}
}

@inproceedings{raviart2006mixed,
  title        = {A mixed finite element method for 2-nd order elliptic problems},
  author       = {Raviart, Pierre-Arnaud and Thomas, Jean-Marie},
  booktitle    = {Mathematical Aspects of Finite Element Methods: Proceedings of the Conference Held in Rome, December 10--12, 1975},
  pages        = {292--315},
  year         = {2006},
  organization = {Springer}
}

@article{RebholzEnergyHelicityConservingFinite2007,
  title   = {An {{energy-}} and {{helicity-conserving finite element scheme}} for the {{Navier}}--{{Stokes equations}}},
  author  = {Rebholz, Leo G.},
  year    = {2007},
  journal = {SIAM Journal on Numerical Analysis},
  volume  = {45},
  number  = {4},
  pages   = {1622--1638},
  issn    = {0036-1429, 1095-7170},
  doi     = {10.1137/060651227},
  urldate = {2024-08-12},
  langid  = {english}
}

@article{reesOptimalSolversPDEConstrained2010,
  title   = {Optimal {{Solvers}} for {{PDE-Constrained Optimization}}},
  author  = {Rees, Tyrone and Dollar, H. Sue and Wathen, Andrew J.},
  year    = {2010},
  journal = {SIAM Journal on Scientific Computing},
  volume  = {32},
  number  = {1},
  pages   = {271--298},
  issn    = {1064-8275, 1095-7197},
  doi     = {10.1137/080727154},
  urldate = {2023-11-30},
  langid  = {english}
}

@article{rodrigoParameterrobustPreconditionersBiot2024,
  title   = {Parameter-Robust Preconditioners for {{Biot}}'s Model},
  author  = {Rodrigo, Carmen and Gaspar, Francisco J. and Adler, James and Hu, Xiaozhe and Ohm, Peter and Zikatanov, Ludmil},
  year    = {2024},
  journal = {SeMA Journal},
  volume  = {81},
  number  = {1},
  pages   = {51--80},
  issn    = {2254-3902, 2281-7875},
  doi     = {10.1007/s40324-023-00336-2},
  urldate = {2024-06-18},
  langid  = {english}
}

@article{ros-otonObstacleProblemsFree2018,
  title      = {Obstacle Problems and Free Boundaries: An Overview},
  shorttitle = {Obstacle Problems and Free Boundaries},
  author     = {{Ros-Oton}, Xavier},
  year       = {2018},
  journal    = {SeMA Journal},
  volume     = {75},
  number     = {3},
  pages      = {399--419},
  issn       = {2254-3902, 2281-7875},
  doi        = {10.1007/s40324-017-0140-2},
  urldate    = {2024-02-03},
  langid     = {english}
}

@article{royBlockPreconditionerNonisothermal2019,
  title   = {A Block Preconditioner for Non-Isothermal Flow in Porous Media},
  author  = {Roy, Thomas and J{\"o}nsth{\"o}vel, Tom B. and Lemon, Christopher and Wathen, Andrew J.},
  year    = {2019},
  journal = {Journal of Computational Physics},
  volume  = {395},
  pages   = {636--652},
  issn    = {00219991},
  doi     = {10.1016/j.jcp.2019.06.038},
  urldate = {2023-12-05},
  langid  = {english}
}

@misc{royConstrainedPressuretemperatureResidual2020,
  title         = {A Constrained Pressure-Temperature Residual ({{CPTR}}) Method for Non-Isothermal Multiphase Flow in Porous Media},
  author        = {Roy, Thomas and J{\"o}nsth{\"o}vel, Tom B. and Lemon, Christopher and Wathen, Andrew J.},
  year          = {2020},
  number        = {arXiv:1907.04229},
  eprint        = {1907.04229},
  primaryclass  = {physics},
  publisher     = {arXiv},
  urldate       = {2023-12-05},
  archiveprefix = {arXiv},
  langid        = {english},
  keywords      = {65F08 65F10 76S05 65M08 65M60,Mathematics - Numerical Analysis,Physics - Fluid Dynamics}
}

@article{royEPSRCCentreDoctoral,
  title  = {{{EPSRC Centre}} for {{Doctoral Training}} in {{Industrially Focused Mathematical Modelling}}},
  author = {Roy, Thomas},
  langid = {english}
}

@article{rustenSubstructurePreconditionersElliptic2024,
  title  = {Substructure {{Preconditioners}} for {{Elliptic Saddle Point Problems}}},
  author = {Rusten, Torgeir and Winther, Ragnar},
  year   = {2024},
  langid = {english}
}

@article{ryuPRIMERMONOTONEOPERATOR2016,
  title   = {A {{PRIMER ON MONOTONE OPERATOR METHODS}}},
  author  = {Ryu, Ernest K and Boyd, Stephen},
  year    = {2016},
  journal = {APPL. COMPUT. MATH.},
  langid  = {english}
}

@article{saadOriginDevelopmentKrylov2022,
  title   = {The {{Origin}} and {{Development}} of {{Krylov Subspace Methods}}},
  author  = {Saad, Yousef},
  year    = {2022},
  journal = {Computing in Science \& Engineering},
  volume  = {24},
  number  = {4},
  pages   = {28--39},
  issn    = {1521-9615, 1558-366X},
  doi     = {10.1109/MCSE.2022.3214388},
  urldate = {2023-04-19},
  langid  = {english}
}

@article{schoberlMultigridMethodsParameter1999,
  title    = {Multigrid Methods for a Parameter Dependent Problem in Primal Variables},
  author   = {Sch{\"o}berl, Joachim},
  year     = {1999},
  journal  = {Numerische Mathematik},
  volume   = {84},
  number   = {1},
  pages    = {97--119},
  issn     = {0029-599X, 0945-3245},
  doi      = {10.1007/s002110050465},
  urldate  = {2023-11-17},
  langid   = {english},
  keywords = {multigrid method}
}

@article{schoberlSymmetricIndefinitePreconditioners2007,
  title   = {Symmetric {{Indefinite Preconditioners}} for {{Saddle Point Problems}} with {{Applications}} to {{PDE-Constrained Optimization Problems}}},
  author  = {Sch{\"o}berl, Joachim and Zulehner, Walter},
  year    = {2007},
  journal = {SIAM Journal on Matrix Analysis and Applications},
  volume  = {29},
  number  = {3},
  pages   = {752--773},
  issn    = {0895-4798, 1095-7162},
  doi     = {10.1137/060660977},
  urldate = {2023-12-05},
  langid  = {english}
}

@article{schotzau2004mixed,
  title     = {Mixed finite element methods for stationary incompressible magneto--hydrodynamics},
  author    = {Sch{\"o}tzau, Dominik},
  journal   = {Numerische Mathematik},
  volume    = {96},
  number    = {4},
  pages     = {771--800},
  year      = {2004},
  publisher = {Springer}
}

@book{schwedesMeshDependencePDEConstrained2017,
  title     = {Mesh {{Dependence}} in {{PDE-Constrained Optimisation}}},
  author    = {Schwedes, Tobias and Ham, David A. and Funke, Simon W. and Piggott, Matthew D.},
  year      = {2017},
  publisher = {Springer International Publishing},
  address   = {Cham},
  doi       = {10.1007/978-3-319-59483-5},
  urldate   = {2023-09-11},
  isbn      = {978-3-319-59482-8 978-3-319-59483-5},
  langid    = {english}
}

@article{sciReluDeepNeural2020,
  title   = {Relu {{Deep Neural Networks}} and {{Linear Finite Elements}}},
  author  = {Sci, Juncai He},
  year    = {2020},
  journal = {Journal of Computational Mathematics},
  volume  = {38},
  number  = {3},
  pages   = {502--527},
  issn    = {0254-9409, 1991-7139},
  doi     = {10.4208/jcm.1901-m2018-0160},
  urldate = {2024-06-03},
  langid  = {english}
}

@article{Shadidscalablefullyimplicitfullycoupled2010,
  title     = {Towards a Scalable Fully-Implicit Fully-Coupled Resistive {{MHD}} Formulation with Stabilized {{FE}} Methods},
  author    = {Shadid, J.N. and Pawlowski, R.P. and Banks, J.W. and Chac{\'o}n, L. and Lin, P.T. and Tuminaro, R.S.},
  year      = {2010},
  journal   = {Journal of Computational Physics},
  volume    = {229},
  number    = {20},
  pages     = {7649--7671},
  issn      = {00219991},
  doi       = {10.1016/j.jcp.2010.06.018},
  urldate   = {2024-08-31},
  copyright = {https://www.elsevier.com/tdm/userlicense/1.0/},
  langid    = {english}
}

@article{shiOptimalErrorEstimate2023,
  title   = {Optimal Error Estimate of the Penalty Method for the {{2D}}/{{3D}} Time-Dependent {{MHD}} Equations},
  author  = {Shi, Kaiwen},
  year    = {2023},
  journal = {Numerical Algorithms},
  langid  = {english}
}

@article{shuDiscontinuousGalerkinMethods,
  title  = {Discontinuous {{Galerkin Methods}}: {{General Approach}} and {{Stability}}},
  author = {Shu, Chi-Wang},
  langid = {english}
}

@inbook{shuEssentiallyNonoscillatoryWeighted1998,
  title        = {Essentially Non-Oscillatory and Weighted Essentially Non-Oscillatory Schemes for Hyperbolic Conservation Laws},
  booktitle    = {Advanced {{Numerical Approximation}} of {{Nonlinear Hyperbolic Equations}}},
  author       = {Shu, Chi-Wang},
  year         = {1998},
  volume       = {1697},
  pages        = {325--432},
  publisher    = {Springer Berlin Heidelberg},
  address      = {Berlin, Heidelberg},
  doi          = {10.1007/BFb0096355},
  urldate      = {2024-08-08},
  collaborator = {Cockburn, Bernardo and Shu, Chi-Wang and Johnson, Claes and Tadmor, Eitan},
  isbn         = {978-3-540-64977-9 978-3-540-49804-9},
  langid       = {english}
}

@article{silvesterFastIterativeSolution1994,
  title      = {Fast {{Iterative Solution}} of {{Stabilised Stokes Systems Part II}}: {{Using General Block Preconditioners}}},
  shorttitle = {Fast {{Iterative Solution}} of {{Stabilised Stokes Systems Part II}}},
  author     = {Silvester, David and Wathen, Andrew},
  year       = {1994},
  journal    = {SIAM Journal on Numerical Analysis},
  volume     = {31},
  number     = {5},
  pages      = {1352--1367},
  issn       = {0036-1429, 1095-7170},
  doi        = {10.1137/0731070},
  urldate    = {2023-11-23},
  langid     = {english}
}

@article{silvesterIncompressibleFlowIterative,
  title  = {Incompressible {{Flow}} \& {{Iterative Solver Software}} ({{IFISS}}) {{Installation}} \& {{Software Guide}}},
  author = {Silvester, David J and Elman, Howard C and Ramage, Alison},
  langid = {english}
}

@article{silvestreRegularityObstacleProblem2007,
  title   = {Regularity of the Obstacle Problem for a Fractional Power of the Laplace Operator},
  author  = {Silvestre, Luis},
  year    = {2007},
  journal = {Communications on Pure and Applied Mathematics},
  volume  = {60},
  number  = {1},
  pages   = {67--112},
  issn    = {0010-3640, 1097-0312},
  doi     = {10.1002/cpa.20153},
  urldate = {2024-02-03},
  langid  = {english}
}

@article{sleightholmWaveAttractorsRotating,
  title  = {Wave {{Attractors}} in {{Rotating}} and {{Stratified Fluids}}},
  author = {Sleightholm, Eleanor and Ogilvie, Gordon},
  langid = {english}
}

@article{smietIdealRelaxationHopf2017,
  title         = {Ideal {{relaxation}} of the {{Hopf fibration}}},
  author        = {Smiet, Christopher Berg and Candelaresi, Simon and Bouwmeester, Dirk},
  year          = {2017},
  journal       = {Physics of Plasmas},
  volume        = {24},
  number        = {7},
  eprint        = {1610.04719},
  primaryclass  = {physics},
  pages         = {072110},
  issn          = {1070-664X, 1089-7674},
  doi           = {10.1063/1.4990076},
  urldate       = {2024-03-30},
  archiveprefix = {arXiv},
  langid        = {english},
  keywords      = {Physics - Plasma Physics}
}

@article{smietSelfOrganizingKnottedMagnetic2015,
  title   = {Self-{{Organizing Knotted Magnetic Structures}} in {{Plasma}}},
  author  = {Smiet, C. B. and Candelaresi, S. and Thompson, A. and Swearngin, J. and Dalhuisen, J. W. and Bouwmeester, D.},
  year    = {2015},
  journal = {Physical Review Letters},
  volume  = {115},
  number  = {9},
  pages   = {095001},
  issn    = {0031-9007, 1079-7114},
  doi     = {10.1103/PhysRevLett.115.095001},
  urldate = {2024-01-23},
  langid  = {english}
}

@article{SternBanachspaceprojections2015,
  title   = {Banach Space Projections and {{Petrov}}--{{Galerkin}} Estimates},
  author  = {Stern, Ari},
  year    = {2015},
  journal = {Numerische Mathematik},
  volume  = {130},
  number  = {1},
  pages   = {125--133},
  issn    = {0029-599X, 0945-3245},
  doi     = {10.1007/s00211-014-0658-5},
  urldate = {2024-06-17},
  langid  = {english}
}

@article{stollBramblePasciakPreconditionerSaddle,
  title  = {The {{Bramble-Pasciak}}+ Preconditioner for Saddle Point Problems},
  author = {Stoll, Martin and Wathen, Andy},
  langid = {english}
}

@article{suliMinimalSurfaceEquation,
  title    = {8. {{Minimal}} Surface Equation},
  author   = {Suli, Endre},
  langid   = {english},
  keywords = {/unread}
}

@misc{sullivanAlgebraTopologyAlgebraic2010,
  title         = {Algebra, {{Topology}} and {{Algebraic Topology}} of {{3D Ideal Fluids}}},
  author        = {Sullivan, Dennis},
  year          = {2010},
  number        = {arXiv:1010.2721},
  eprint        = {1010.2721},
  primaryclass  = {math},
  publisher     = {arXiv},
  urldate       = {2024-03-04},
  archiveprefix = {arXiv},
  langid        = {english},
  keywords      = {Mathematics - Algebraic Topology,Mathematics - Geometric Topology}
}

@article{surowiecLAVASLatentVariable,
  title  = {{{LAVAS}}: {{An}} Latent Variable Active Set Method for the Obstacle Problem},
  author = {Surowiec, Thomas M},
  langid = {english}
}

@article{szyldManyProofsIdentity2006,
  title   = {The Many Proofs of an Identity on the Norm of Oblique Projections},
  author  = {Szyld, Daniel B.},
  year    = {2006},
  journal = {Numerical Algorithms},
  volume  = {42},
  number  = {3-4},
  pages   = {309--323},
  issn    = {1017-1398, 1572-9265},
  doi     = {10.1007/s11075-006-9046-2},
  urldate = {2023-11-29},
  langid  = {english}
}

@article{taiRateConvergenceConstraint2003,
  title   = {Rate of {{Convergence}} for Some Constraint Decomposition Methods for Nonlinear Variational Inequalities},
  author  = {Tai, Xue-Cheng},
  year    = {2003},
  journal = {Numerische Mathematik},
  volume  = {93},
  number  = {4},
  pages   = {755--786},
  issn    = {0029-599X, 0945-3245},
  doi     = {10.1007/s002110200404},
  urldate = {2023-11-27},
  langid  = {english}
}

@article{taylor1974relaxation,
  title     = {Relaxation of toroidal plasma and generation of reverse magnetic fields},
  author    = {Taylor, J Brian},
  journal   = {Physical Review Letters},
  volume    = {33},
  number    = {19},
  pages     = {1139},
  year      = {1974},
  publisher = {APS}
}


@article{TraceOperator2023,
  title      = {Trace Operator},
  year       = {2023},
  journal    = {Wikipedia},
  urldate    = {2024-01-17},
  copyright  = {Creative Commons Attribution-ShareAlike License},
  langid     = {english},
  annotation = {Page Version ID: 1157879782}
}

@book{trefethenNumericalLinearAlgebra1997,
  title     = {Numerical Linear Algebra},
  author    = {Trefethen, Lloyd N. and Bau, David},
  year      = {1997},
  publisher = {{Society for Industrial and Applied Mathematics}},
  address   = {Philadelphia},
  isbn      = {978-0-89871-361-9},
  langid    = {english},
  lccn      = {QA184 .T74 1997},
  keywords  = {Algebras Linear,Numerical calculations}
}


@book{trottenbergMultigrid2007,
  title     = {Multigrid},
  author    = {Trottenberg, Ulrich and Oosterlee, Cornelis Willebrordus and Sch{\"u}ller, Anton and Brandt, Achi and Oswald, Peter and St{\"u}ben, Klaus},
  year      = {2007},
  edition   = {Transferred to digital print},
  publisher = {Elsevier Academic Press},
  address   = {Amsterdam Heidelberg},
  isbn      = {978-0-12-701070-0},
  langid    = {english}
}

@book{ulbrichSemismoothNewtonMethods2011,
  title     = {Semismooth {{Newton Methods}} for {{Variational Inequalities}} and {{Constrained Optimization Problems}} in {{Function Spaces}}},
  author    = {Ulbrich, Michael},
  year      = {2011},
  publisher = {{Society for Industrial and Applied Mathematics}},
  doi       = {10.1137/1.9781611970692},
  urldate   = {2023-11-28},
  isbn      = {978-1-61197-068-5 978-1-61197-069-2},
  langid    = {english}
}

@article{urrehmanSIMPLETypePreconditioners2009,
  title   = {{{SIMPLE}}-type Preconditioners for the {{Oseen}} Problem},
  author  = {Ur Rehman, M. and Vuik, C. and Segal, G.},
  year    = {2009},
  journal = {International Journal for Numerical Methods in Fluids},
  volume  = {61},
  number  = {4},
  pages   = {432--452},
  issn    = {0271-2091, 1097-0363},
  doi     = {10.1002/fld.1957},
  urldate = {2023-11-21},
  langid  = {english}
}


@article{van-bruntFiniteElementMethods,
  title  = {Finite Element Methods for the {{Onsager}}--{{Stefan}}--{{Maxwell}} Equations},
  author = {{Van-Brunt}, Alexander J},
  langid = {english}
}

@article{vanballegooijenElectricCurrentsSolar1985,
  title   = {Electric Currents in the Solar Corona and the Existence of Magnetostatic Equilibrium},
  author  = {Van Ballegooijen, A. A.},
  year    = {1985},
  journal = {The Astrophysical Journal},
  volume  = {298},
  pages   = {421},
  issn    = {0004-637X, 1538-4357},
  doi     = {10.1086/163626},
  urldate = {2024-05-30},
  langid  = {english}
}

@article{vandersluisSIRTCGtypeMethods1990,
  title   = {{{SIRT-}} and {{CG-type}} Methods for the Iterative Solution of Sparse Linear Least-Squares Problems},
  author  = {{van der Sluis}, A. and {van der Vorst}, H.A.},
  year    = {1990},
  journal = {Linear Algebra and its Applications},
  volume  = {130},
  pages   = {257--303},
  issn    = {00243795},
  doi     = {10.1016/0024-3795(90)90215-X},
  urldate = {2023-04-19},
  langid  = {english}
}

@article{vankaBlockimplicitMultigridCalculation1986,
  title   = {Block-Implicit Multigrid Calculation of Two-Dimensional Recirculating Flows},
  author  = {Vanka, S.P.},
  year    = {1986},
  journal = {Computer Methods in Applied Mechanics and Engineering},
  volume  = {59},
  number  = {1},
  pages   = {29--48},
  issn    = {00457825},
  doi     = {10.1016/0045-7825(86)90022-8},
  urldate = {2024-03-23},
  langid  = {english}
}

@article{vassilevskiPreconditioningMixedFinite1996,
  title   = {Preconditioning {{Mixed Finite Element Saddle-point Elliptic Problems}}},
  author  = {Vassilevski, Panayot S. and Lazarov, Raytcho D.},
  year    = {1996},
  journal = {Numerical Linear Algebra with Applications},
  volume  = {3},
  number  = {1},
  pages   = {1--20},
  issn    = {1070-5325, 1099-1506},
  doi     = {10.1002/(SICI)1099-1506(199601/02)3:1<1::AID-NLA67>3.0.CO;2-E},
  urldate = {2023-11-21},
  langid  = {english}
}

@article{verfurthNotePolynomialApproximation1999,
  title   = {A Note on Polynomial Approximation in {{Sobolev}} Spaces},
  author  = {Verf{\"u}rth, R{\"u}diger},
  year    = {1999},
  journal = {ESAIM: Mathematical Modelling and Numerical Analysis},
  volume  = {33},
  number  = {4},
  pages   = {715--719},
  issn    = {0764-583X, 1290-3841},
  doi     = {10.1051/m2an:1999159},
  urldate = {2023-09-13},
  langid  = {english}
}

@article{wathenFastIterativeSolution1993,
  title      = {Fast {{Iterative Solution}} of {{Stabilised Stokes Systems}}. {{Part I}}: {{Using Simple Diagonal Preconditioners}}},
  shorttitle = {Fast {{Iterative Solution}} of {{Stabilised Stokes Systems}}. {{Part I}}},
  author     = {Wathen, Andrew and Silvester, David},
  year       = {1993},
  journal    = {SIAM Journal on Numerical Analysis},
  volume     = {30},
  number     = {3},
  pages      = {630--649},
  issn       = {0036-1429, 1095-7170},
  doi        = {10.1137/0730031},
  urldate    = {2023-11-23},
  langid     = {english}
}

@article{wathenRealisticEigenvalueBounds1987,
  title   = {Realistic {{Eigenvalue Bounds}} for the {{Galerkin Mass Matrix}}},
  author  = {Wathen, A. J.},
  year    = {1987},
  journal = {IMA Journal of Numerical Analysis},
  volume  = {7},
  number  = {4},
  pages   = {449--457},
  issn    = {0272-4979, 1464-3642},
  doi     = {10.1093/imanum/7.4.449},
  urldate = {2023-12-14},
  langid  = {english}
}

@article{wechsungShapeOptimisationRobust,
  title  = {Shape {{Optimisation}} and {{Robust Solvers}} for {{Incompressible Flow}}},
  author = {Wechsung, Florian},
  langid = {english}
}

@misc{weiAcceleratedOverRelaxationHeavyBall2024a,
  title         = {Accelerated {{Over-Relaxation Heavy-Ball Methods}} with {{Provable Acceleration}} and {{Global Convergence}}},
  author        = {Wei, Jingrong and Chen, Long},
  year          = {2024},
  number        = {arXiv:2406.09772},
  eprint        = {2406.09772},
  primaryclass  = {math},
  publisher     = {arXiv},
  urldate       = {2024-07-09},
  archiveprefix = {arXiv},
  langid        = {english},
  keywords      = {Mathematics - Optimization and Control}
}

@article{whitneyTheoreticalNumericalStudy,
  title     = {Theoretical and {{Numerical Study}} of {{Tikhonov}}'s {{Regularization}} and {{Morozov}}'s {{Discrepancy Principle}}},
  author    = {Whitney, MaryGeorge},
  publisher = {Georgia State University},
  doi       = {10.57709/1234875},
  urldate   = {2022-12-13},
  langid    = {english}
}

@article{wiegelmann2021solar,
  title     = {Solar force-free magnetic fields},
  author    = {Wiegelmann, Thomas and Sakurai, Takashi},
  journal   = {Living Reviews in Solar Physics},
  volume    = {18},
  number    = {1},
  pages     = {1},
  year      = {2021},
  publisher = {Springer}
}

@article{wilmot-smithMAGNETICBRAIDINGPARALLEL2009,
  title   = {{{MAGNETIC BRAIDING AND PARALLEL ELECTRIC FIELDS}}},
  author  = {{Wilmot-Smith}, A. L. and Hornig, G. and Pontin, D. I.},
  year    = {2009},
  journal = {The Astrophysical Journal},
  volume  = {696},
  number  = {2},
  pages   = {1339--1347},
  issn    = {0004-637X, 1538-4357},
  doi     = {10.1088/0004-637X/696/2/1339},
  urldate = {2024-05-30},
  langid  = {english}
}

@article{wilmot2009magneticparallel,
  title     = {Magnetic braiding and parallel electric fields},
  author    = {Wilmot-Smith, AL and Hornig, G and Pontin, DI},
  journal   = {The Astrophysical Journal},
  volume    = {696},
  number    = {2},
  pages     = {1339},
  year      = {2009},
  publisher = {IOP Publishing}
}

@article{wilmot2009magneticquasi,
  title     = {Magnetic braiding and quasi-separatrix layers},
  author    = {Wilmot-Smith, AL and Hornig, G and Pontin, DI},
  journal   = {The Astrophysical Journal},
  volume    = {704},
  number    = {2},
  pages     = {1288},
  year      = {2009},
  publisher = {IOP Publishing}
}

@article{wintherSuperlinearConvergenceResults1980,
  title   = {Some {{Superlinear Convergence Results}} for the {{Conjugate Gradient Method}}},
  author  = {Winther, Ragnar},
  year    = {1980},
  journal = {SIAM Journal on Numerical Analysis},
  volume  = {17},
  number  = {1},
  pages   = {14--17},
  issn    = {0036-1429, 1095-7170},
  doi     = {10.1137/0717002},
  urldate = {2024-03-08},
  langid  = {english}
}

@article{woltjer1958theorem,
  title     = {A theorem on force-free magnetic fields},
  author    = {Woltjer, Lodewijk},
  journal   = {Proceedings of the National Academy of Sciences},
  volume    = {44},
  number    = {6},
  pages     = {489--491},
  year      = {1958},
  publisher = {National Acad Sciences}
}

@article{wuEnergystableMixedFinite2023,
  title   = {Energy-Stable Mixed Finite Element Methods for a Ferrofluid Flow Model},
  author  = {Wu, Yongke and Xie, Xiaoping},
  year    = {2023},
  journal = {Communications in Nonlinear Science and Numerical Simulation},
  volume  = {125},
  pages   = {107330},
  issn    = {10075704},
  doi     = {10.1016/j.cnsns.2023.107330},
  urldate = {2024-07-19},
  langid  = {english}
}

@article{xiaAugmentedLagrangianPreconditioners2021,
  title   = {Augmented {{Lagrangian}} Preconditioners for the {{Oseen}}--{{Frank}} Model of Nematic and Cholesteric Liquid Crystals},
  author  = {Xia, Jingmin and Farrell, Patrick E. and Wechsung, Florian},
  year    = {2021},
  journal = {BIT Numerical Mathematics},
  volume  = {61},
  number  = {2},
  pages   = {607--644},
  issn    = {0006-3835, 1572-9125},
  doi     = {10.1007/s10543-020-00838-9},
  urldate = {2024-05-14},
  langid  = {english}
}

@article{xiaComputationalAnalyticalAspects,
  title  = {Computational and {{Analytical Aspects}} of {{Energy Minimisation Problems}} in {{Cholesteric}}, {{Ferronematic}} and {{Smectic Liquid Crystals}}},
  author = {Xia, Jingmin},
  langid = {english}
}

@misc{xuAlgebraicMultigridMethods2016,
  title         = {Algebraic {{Multigrid Methods}}},
  author        = {Xu, Jinchao and Zikatanov, Ludmil T.},
  year          = {2016},
  number        = {arXiv:1611.01917},
  eprint        = {1611.01917},
  primaryclass  = {math},
  publisher     = {arXiv},
  urldate       = {2023-12-17},
  archiveprefix = {arXiv},
  langid        = {english},
  keywords      = {Mathematics - Numerical Analysis}
}

@article{xueComputationTwoDimensionalStokes2024,
  title   = {Computation of {{Two-Dimensional Stokes Flows}} via {{Lightning}} and {{AAA Rational Approximation}}},
  author  = {Xue, Yidan and Waters, Sarah L. and Trefethen, Lloyd N.},
  year    = {2024},
  journal = {SIAM Journal on Scientific Computing},
  volume  = {46},
  number  = {2},
  pages   = {A1214-A1234},
  issn    = {1064-8275, 1095-7197},
  doi     = {10.1137/23M1576876},
  urldate = {2024-05-29},
  langid  = {english}
}

@article{xuFiniteNeuronMethod2020,
  title   = {Finite {{Neuron Method}} and {{Convergence Analysis}}},
  author  = {Xu, Jinchao},
  year    = {2020},
  journal = {Communications in Computational Physics},
  volume  = {28},
  number  = {5},
  pages   = {1707--1745},
  issn    = {1815-2406, 1991-7120},
  doi     = {10.4208/cicp.OA-2020-0191},
  urldate = {2024-07-15},
  langid  = {english}
}

@article{xuMethodAlternatingProjections2002,
  title    = {The Method of Alternating Projections and the Method of Subspace Corrections in {{Hilbert}} Space},
  author   = {Xu, Jinchao and Zikatanov, Ludmil},
  year     = {2002},
  journal  = {Journal of the American Mathematical Society},
  volume   = {15},
  number   = {3},
  pages    = {573--597},
  issn     = {0894-0347, 1088-6834},
  doi      = {10.1090/S0894-0347-02-00398-3},
  urldate  = {2024-02-08},
  langid   = {english},
  keywords = {multigrid method}
}

@article{xuMethodSubspaceCorrections2001,
  title   = {The Method of Subspace Corrections},
  author  = {Xu, Jinchao},
  year    = {2001},
  journal = {Journal of Computational and Applied Mathematics},
  langid  = {english}
}

@article{XuobservationsBabuvs2003,
  title   = {Some Observations on {{Babu}}{\textbackslash}vs\vphantom\{\}ka and {{Brezzi}} Theories},
  author  = {Xu, Jinchao and Zikatanov, Ludmil},
  year    = {2003},
  journal = {Numerische Mathematik},
  volume  = {94},
  number  = {1},
  pages   = {195--202},
  issn    = {0029-599X, 0945-3245},
  doi     = {10.1007/s002110100308},
  urldate = {2023-09-15},
  langid  = {english}
}

@article{yeates2022limitations,
  title     = {On the limitations of magneto-frictional relaxation},
  author    = {Yeates, AR},
  journal   = {Geophysical \& Astrophysical Fluid Dynamics},
  volume    = {116},
  number    = {4},
  pages     = {305--320},
  year      = {2022},
  publisher = {Taylor \& Francis}
}

@article{yeatesGlobalDistributionMagnetic2016,
  title   = {The Global Distribution of Magnetic Helicity in the Solar Corona},
  author  = {Yeates, A. R. and Hornig, G.},
  year    = {2016},
  journal = {Astronomy \& Astrophysics},
  volume  = {594},
  pages   = {A98},
  issn    = {0004-6361, 1432-0746},
  doi     = {10.1051/0004-6361/201629122},
  urldate = {2024-07-29},
  langid  = {english}
}

@misc{yeatesIntroductionFieldLine2023,
  title         = {Introduction to {{Field Line Helicity}}},
  author        = {Yeates, A. R. and Berger, M. A.},
  year          = {2023},
  number        = {arXiv:2311.08831},
  eprint        = {2311.08831},
  primaryclass  = {astro-ph, physics:math-ph, physics:physics},
  publisher     = {arXiv},
  urldate       = {2024-03-14},
  archiveprefix = {arXiv},
  langid        = {english},
  keywords      = {Astrophysics - High Energy Astrophysical Phenomena,Astrophysics - Solar and Stellar Astrophysics,Mathematical Physics,Physics - Plasma Physics}
}

@article{yeatesLimitationsMagnetofrictionalRelaxation2022,
  title   = {On the Limitations of Magneto-Frictional Relaxation},
  author  = {Yeates, A. R.},
  year    = {2022},
  journal = {Geophysical \& Astrophysical Fluid Dynamics},
  volume  = {116},
  number  = {4},
  pages   = {305--320},
  issn    = {0309-1929, 1029-0419},
  doi     = {10.1080/03091929.2021.2021197},
  urldate = {2024-07-29},
  langid  = {english}
}

@incollection{yeatesMagnetohydrodynamicRelaxationTheory2020,
  title     = {Magnetohydrodynamic {{Relaxation Theory}}},
  booktitle = {Topics in {{Magnetohydrodynamic Topology}}, {{Reconnection}} and {{Stability Theory}}},
  author    = {Yeates, Anthony R.},
  editor    = {MacTaggart, David and Hillier, Andrew},
  year      = {2020},
  volume    = {591},
  pages     = {117--143},
  publisher = {Springer International Publishing},
  address   = {Cham},
  doi       = {10.1007/978-3-030-16343-3_4},
  urldate   = {2024-07-29},
  isbn      = {978-3-030-16342-6 978-3-030-16343-3},
  langid    = {english}
}

@misc{zenodo,
  author = {M. He and P. E. Farrell and K. Hu and B. D. Andrews},
  title  = {{Software used in `Topology-preserving discretization for the magneto-frictional equations arising in the Parker conjecture'}},
  year   = {2025},
  doi    = {10.5281/zenodo.14698465}
}

@misc{zenodoboris,
  author = {Andrews, B. D. and Farrell, P. E.},
  title  = {Software used in `Enforcing conservation laws and dissipation inequalities numerically via auxiliary variables'},
  year   = {2025},
  doi    = {10.5281/zenodo.15302724}
}

@article{ZhangUniformlyrobustpreconditioners2020,
  title   = {Uniformly Robust Preconditioners for Incompressible {{MHD}} System},
  author  = {Zhang, Guo-Dong and Chen, Chuanjun},
  year    = {2020},
  journal = {Journal of Computational and Applied Mathematics},
  volume  = {379},
  pages   = {112914},
  issn    = {03770427},
  doi     = {10.1016/j.cam.2020.112914},
  urldate = {2024-04-29},
  langid  = {english}
}

@article{zhou2014variational,
  title     = {Variational integration for ideal magnetohydrodynamics with built-in advection equations},
  author    = {Zhou, Yao and Qin, Hong and Burby, Joshua W and Bhattacharjee, Amitava},
  journal   = {Physics of Plasmas},
  volume    = {21},
  number    = {10},
  year      = {2014},
  publisher = {AIP Publishing}
}

@article{zhou2016formation,
  title     = {Formation of current singularity in a topologically constrained plasma},
  author    = {Zhou, Yao and Huang, Yi-Min and Qin, Hong and Bhattacharjee, A},
  journal   = {Physical Review E},
  volume    = {93},
  number    = {2},
  pages     = {023205},
  year      = {2016},
  publisher = {APS}
}

@article{zhou2017constructing,
  title     = {Constructing current singularity in a {3D} line-tied plasma},
  author    = {Zhou, Yao and Huang, Yi-Min and Qin, Hong and Bhattacharjee, Amitava},
  journal   = {The Astrophysical Journal},
  volume    = {852},
  number    = {1},
  pages     = {3},
  year      = {2017},
  publisher = {IOP Publishing}
}

@article{zulehnerAnalysisIterativeMethods2001,
  title      = {Analysis of Iterative Methods for Saddle Point Problems: A Unified Approach},
  shorttitle = {Analysis of Iterative Methods for Saddle Point Problems},
  author     = {Zulehner, Walter},
  year       = {2001},
  journal    = {Mathematics of Computation},
  volume     = {71},
  number     = {238},
  pages      = {479--506},
  issn       = {0025-5718},
  doi        = {10.1090/S0025-5718-01-01324-2},
  urldate    = {2023-12-05},
  langid     = {english}
}

@article{zweibel1987formation,
  title   = {The formation of current sheets in the solar atmosphere},
  author  = {Zweibel, Ellen G and Li, He-Sheng},
  journal = {The Astrophysical Journal},
  volume  = {312},
  pages   = {423--430},
  year    = {1987}
}

@article{guzman_conforming_2013,
	title = {Conforming and divergence-free {Stokes} elements on general triangular meshes},
	volume = {83},
	issn = {0025-5718, 1088-6842},
	url = {http://www.ams.org/jourcgi/jour-getitem?pii=S0025-5718-2013-02753-6},
	doi = {10.1090/S0025-5718-2013-02753-6},
	language = {en},
	number = {285},
	urldate = {2025-07-30},
	journal = {Mathematics of Computation},
	author = {Guzmán, Johnny and Neilan, Michael},
	month = jul,
	year = {2013},
	pages = {15--36},
}


@article{pontin2009lagrangian,
  title={Lagrangian relaxation schemes for calculating force-free magnetic fields, and their limitations},
  author={Pontin, DI and Hornig, G and Wilmot-Smith, AL and Craig, Ian JD},
  journal={The Astrophysical Journal},
  volume={700},
  number={2},
  pages={1449},
  year={2009},
  publisher={IOP Publishing}
}